<?xml version="1.0" encoding="UTF-8"?>
<!DOCTYPE html PUBLIC "-//W3C//DTD XHTML 1.0 Transitional//EN"
    "http://www.w3.org/TR/xhtml1/DTD/xhtml1-transitional.dtd">
<html xmlns="http://www.w3.org/1999/xhtml" xml:lang="en" lang="en">
 <head>
  <title>
</title>
<meta http-equiv="Content-Type" content="text/html;charset=utf-8" />
  <meta name='ocr-system' content='tesseract 3.04.00' />
  <meta name='ocr-capabilities' content='ocr_page ocr_carea ocr_par ocr_line ocrx_word'/>
</head>
<body>
  <div class='ocr_page' id='page_1' title='image "./horatimetra00muelgoog_0019.png"; bbox 0 0 4070 5942; ppageno 0'>
   <div class='ocr_carea' id='block_1_1' title="bbox 846 378 1055 444">
    <p class='ocr_par' dir='ltr' id='par_1_1' title="bbox 846 378 1055 444">
     <span class='ocr_line' id='line_1_1' title="bbox 846 378 1055 444; baseline 0 -20"><span class='ocrx_word' id='word_1_1' title='bbox 846 378 1055 444; x_wconf 62' lang='lat'>..14-</span> 
     </span>
    </p>
   </div>
   <div class='ocr_carea' id='block_1_2' title="bbox 99 558 1801 1350">
    <p class='ocr_par' dir='ltr' id='par_1_2' title="bbox 99 558 1801 1350">
     <span class='ocr_line' id='line_1_2' title="bbox 530 558 1375 646; baseline 0.005 -20"><span class='ocrx_word' id='word_1_2' title='bbox 530 561 588 646; x_wconf 82' lang='grc' dir='ltr'>ἔμι</span> <span class='ocrx_word' id='word_1_3' title='bbox 610 559 733 638; x_wconf 71' lang='lat' dir='ltr'>dalton,</span> <span class='ocrx_word' id='word_1_4' title='bbox 757 561 814 645; x_wconf 80' lang='grc' dir='ltr'>ἔμε</span> <span class='ocrx_word' id='word_1_5' title='bbox 836 558 949 629; x_wconf 71' lang='grc' dir='ltr'><em>πᾶσαν</em></span> <span class='ocrx_word' id='word_1_6' title='bbox 971 558 1156 628; x_wconf 64' lang='lat' dir='ltr'>nosocomo</span> <span class='ocrx_word' id='word_1_7' title='bbox 1178 562 1375 644; x_wconf 76' lang='grc' dir='ltr'>πιδέχοισαν</span> 
     </span>
     <span class='ocr_line' id='line_1_3' title="bbox 101 677 996 761; baseline 0.002 -19"><span class='ocrx_word' id='word_1_8' title='bbox 101 682 132 743; x_wconf 91' lang='grc' dir='ltr'>ιι</span> <span class='ocrx_word' id='word_1_9' title='bbox 154 697 276 744; x_wconf 88' lang='lat' dir='ltr'>carmen</span> <span class='ocrx_word' id='word_1_10' title='bbox 297 677 415 756; x_wconf 83' lang='lat' dir='ltr'>Horati,</span> <span class='ocrx_word' id='word_1_11' title='bbox 438 679 526 742; x_wconf 88' lang='grc' dir='ltr'>ιιιιιι</span> <span class='ocrx_word' id='word_1_12' title='bbox 548 697 584 744; x_wconf 83' lang='lat' dir='ltr'>ex</span> <span class='ocrx_word' id='word_1_13' title='bbox 605 679 719 744; x_wconf 75' lang='lat' dir='ltr'>Aleum</span> <span class='ocrx_word' id='word_1_14' title='bbox 739 678 927 761; x_wconf 88' lang='lat' dir='ltr'>principium</span> <span class='ocrx_word' id='word_1_15' title='bbox 948 680 996 744; x_wconf 90' lang='lat' dir='ltr'>est</span> 
     </span>
     <span class='ocr_line' id='line_1_4' title="bbox 483 797 1405 879; baseline 0.004 -19"><span class='ocrx_word' id='word_1_16' title='bbox 483 797 696 861; x_wconf 82' lang='lat' dir='ltr'>miserarumst</span> <span class='ocrx_word' id='word_1_17' title='bbox 716 816 815 879; x_wconf 89' lang='lat' dir='ltr'>neque</span> <span class='ocrx_word' id='word_1_18' title='bbox 837 797 936 861; x_wconf 86' lang='lat' dir='ltr'>umori</span> <span class='ocrx_word' id='word_1_19' title='bbox 957 797 1030 862; x_wconf 85' lang='lat' dir='ltr'>dare</span> <span class='ocrx_word' id='word_1_20' title='bbox 1051 797 1169 875; x_wconf 90' lang='lat' dir='ltr'>ludum,</span> <span class='ocrx_word' id='word_1_21' title='bbox 1191 816 1291 879; x_wconf 92' lang='lat' dir='ltr'>neque</span> <span class='ocrx_word' id='word_1_22' title='bbox 1313 797 1405 864; x_wconf 73' lang='lat' dir='ltr'>draloi.</span> 
     </span>
     <span class='ocr_line' id='line_1_5' title="bbox 101 899 1801 997; baseline 0.001 -19"><span class='ocrx_word' id='word_1_23' title='bbox 101 916 142 978; x_wconf 85' lang='grc' dir='ltr'>Ει</span> <span class='ocrx_word' id='word_1_24' title='bbox 166 913 273 978; x_wconf 81' lang='lat' dir='ltr'>Alcaei</span> <span class='ocrx_word' id='word_1_25' title='bbox 299 932 392 994; x_wconf 90' lang='lat' dir='ltr'>quem</span> <span class='ocrx_word' id='word_1_26' title='bbox 418 913 582 978; x_wconf 74' lang='lat' dir='ltr'><strong>attulimus</strong></span> <span class='ocrx_word' id='word_1_27' title='bbox 611 932 701 982; x_wconf 83' lang='lat' dir='ltr'>versu</span> <span class='ocrx_word' id='word_1_28' title='bbox 722 914 869 997; x_wconf 87' lang='lat' dir='ltr'>probatur</span> <span class='ocrx_word' id='word_1_29' title='bbox 889 913 981 978; x_wconf 90' lang='lat' dir='ltr'>huius</span> <span class='ocrx_word' id='word_1_30' title='bbox 1005 915 1095 980; x_wconf 88' lang='lat' dir='ltr'>metri</span> <span class='ocrx_word' id='word_1_31' title='bbox 1118 915 1256 996; x_wconf 83' lang='lat' dir='ltr'>singulos</span> <span class='ocrx_word' id='word_1_32' title='bbox 1278 932 1385 980; x_wconf 88' lang='lat' dir='ltr'>versus</span> <span class='ocrx_word' id='word_1_33' title='bbox 1406 915 1522 997; x_wconf 90' lang='lat' dir='ltr'>pedum</span> <span class='ocrx_word' id='word_1_34' title='bbox 1543 899 1717 979; x_wconf 76' lang='lat' dir='ltr'>ionicorum</span> <span class='ocrx_word' id='word_1_35' title='bbox 1734 935 1801 980; x_wconf 89' lang='lat' dir='ltr'>esse</span> 
     </span>
     <span class='ocr_line' id='line_1_6' title="bbox 99 1031 1800 1114; baseline 0.001 -19"><span class='ocrx_word' id='word_1_36' title='bbox 99 1033 262 1113; x_wconf 88' lang='lat' dir='ltr'>quattuor,</span> <span class='ocrx_word' id='word_1_37' title='bbox 290 1051 421 1113; x_wconf 90' lang='lat' dir='ltr'>cumque</span> <span class='ocrx_word' id='word_1_38' title='bbox 448 1031 575 1114; x_wconf 87' lang='lat' dir='ltr'>stropha</span> <span class='ocrx_word' id='word_1_39' title='bbox 600 1032 745 1096; x_wconf 76' lang='lat' dir='ltr'>carminis</span> <span class='ocrx_word' id='word_1_40' title='bbox 774 1049 973 1113; x_wconf 81' lang='lat' dir='ltr'>unaquaeque</span> <span class='ocrx_word' id='word_1_41' title='bbox 1001 1031 1095 1096; x_wconf 93' lang='lat' dir='ltr'>denos</span> <span class='ocrx_word' id='word_1_42' title='bbox 1121 1032 1236 1097; x_wconf 91' lang='lat' dir='ltr'>ioniccs</span> <span class='ocrx_word' id='word_1_43' title='bbox 1267 1031 1438 1109; x_wconf 82' lang='lat' dir='ltr'>continent,</span> <span class='ocrx_word' id='word_1_44' title='bbox 1467 1031 1619 1114; x_wconf 90' lang='lat' dir='ltr'>sequitur,</span> <span class='ocrx_word' id='word_1_45' title='bbox 1645 1034 1681 1096; x_wconf 94' lang='lat' dir='ltr'>ut</span> <span class='ocrx_word' id='word_1_46' title='bbox 1705 1035 1800 1097; x_wconf 88' lang='lat' dir='ltr'>ternis</span> 
     </span>
     <span class='ocr_line' id='line_1_7' title="bbox 99 1149 1801 1232; baseline 0.001 -20"><span class='ocrx_word' id='word_1_47' title='bbox 99 1149 239 1213; x_wconf 88' lang='lat' dir='ltr'>versibus</span> <span class='ocrx_word' id='word_1_48' title='bbox 261 1151 406 1232; x_wconf 77' lang='lat' dir='ltr'>strophae</span> <span class='ocrx_word' id='word_1_49' title='bbox 426 1150 578 1228; x_wconf 84' lang='lat' dir='ltr'>constent,</span> <span class='ocrx_word' id='word_1_50' title='bbox 600 1149 680 1214; x_wconf 89' lang='lat' dir='ltr'>binis</span> <span class='ocrx_word' id='word_1_51' title='bbox 702 1151 842 1215; x_wconf 87' lang='lat' dir='ltr'>versibus</span> <span class='ocrx_word' id='word_1_52' title='bbox 862 1151 1012 1231; x_wconf 83' lang='lat' dir='ltr'>quattuor</span> <span class='ocrx_word' id='word_1_53' title='bbox 1033 1149 1213 1228; x_wconf 88' lang='lat' dir='ltr'>ionicorum,</span> <span class='ocrx_word' id='word_1_54' title='bbox 1234 1149 1345 1232; x_wconf 91' lang='lat' dir='ltr'>quibus</span> <span class='ocrx_word' id='word_1_55' title='bbox 1360 1150 1525 1215; x_wconf 87' lang='lat' dir='ltr'>adiunctus</span> <span class='ocrx_word' id='word_1_56' title='bbox 1541 1153 1589 1215; x_wconf 89' lang='lat' dir='ltr'>est</span> <span class='ocrx_word' id='word_1_57' title='bbox 1603 1151 1692 1232; x_wconf 88' lang='lat' dir='ltr'>quasi</span> <span class='ocrx_word' id='word_1_58' title='bbox 1705 1151 1801 1214; x_wconf 88' lang='lat' dir='ltr'>inter-</span> 
     </span>
     <span class='ocr_line' id='line_1_8' title="bbox 100 1263 1266 1350; baseline 0.002 -20"><span class='ocrx_word' id='word_1_59' title='bbox 100 1264 209 1330; x_wconf 82' lang='lat' dir='ltr'>calaris</span> <span class='ocrx_word' id='word_1_60' title='bbox 231 1263 356 1348; x_wconf 90' lang='lat' dir='ltr'>qnidam</span> <span class='ocrx_word' id='word_1_61' title='bbox 380 1287 488 1333; x_wconf 89' lang='lat' dir='ltr'>versus</span> <span class='ocrx_word' id='word_1_62' title='bbox 509 1269 653 1333; x_wconf 92' lang='lat' dir='ltr'>binorum</span> <span class='ocrx_word' id='word_1_63' title='bbox 674 1268 797 1350; x_wconf 92' lang='lat' dir='ltr'>pedum.</span> <span class='ocrx_word' id='word_1_64' title='bbox 841 1269 955 1332; x_wconf 82' lang='lat' dir='ltr'>Formo</span> <span class='ocrx_word' id='word_1_65' title='bbox 975 1268 1071 1349; x_wconf 86' lang='lat' dir='ltr'>igitur</span> <span class='ocrx_word' id='word_1_66' title='bbox 1093 1267 1184 1332; x_wconf 88' lang='lat' dir='ltr'>metri</span> <span class='ocrx_word' id='word_1_67' title='bbox 1206 1269 1266 1332; x_wconf 89' lang='lat' dir='ltr'>est:</span> 
     </span>
    </p>
   </div>
   <div class='ocr_carea' id='block_1_3' title="bbox 573 1386 1325 1703">
    <p class='ocr_par' dir='ltr' id='par_1_3' title="bbox 573 1386 1325 1703">
     <span class='ocr_line' id='line_1_9' title="bbox 573 1386 1325 1465; baseline 0 -25"><span class='ocrx_word' id='word_1_68' title='bbox 573 1386 1325 1465; x_wconf 50' lang='lat' dir='ltr'>uuss—luuss-luuss*luuj--‚</span> 
     </span>
     <span class='ocr_line' id='line_1_10' title="bbox 574 1505 1324 1588; baseline 0 -30"><span class='ocrx_word' id='word_1_69' title='bbox 574 1536 658 1560; x_wconf 78' lang='grc' dir='ltr'>υυΙ</span> <span class='ocrx_word' id='word_1_70' title='bbox 739 1505 1324 1588; x_wconf 48' lang='lat' dir='ltr'>lou-—suuss-„suuL—,</span> 
     </span>
     <span class='ocr_line' id='line_1_11' title="bbox 573 1625 931 1703; baseline 0 -25"><span class='ocrx_word' id='word_1_71' title='bbox 573 1625 853 1703; x_wconf 48' lang='lat' dir='ltr'>§dvj-*lvo*</span> <span class='ocrx_word' id='word_1_72' title='bbox 924 1677 931 1690; x_wconf 52' lang='grc' dir='ltr'>ι</span> 
     </span>
    </p>
   </div>
   <div class='ocr_carea' id='block_1_4' title="bbox 703 1962 1198 2036">
    <p class='ocr_par' dir='ltr' id='par_1_4' title="bbox 703 1962 1198 2036">
     <span class='ocr_line' id='line_1_12' title="bbox 703 1962 1198 2036; baseline 0 -2"><span class='ocrx_word' id='word_1_73' title='bbox 703 1962 879 2036; x_wconf 81' lang='lat' dir='ltr'>METRA</span> <span class='ocrx_word' id='word_1_74' title='bbox 915 1962 1198 2035; x_wconf 81' lang='lat' dir='ltr'>COMPOSITA.</span> 
     </span>
    </p>
   </div>
   <div class='ocr_carea' id='block_1_5' title="bbox 97 2133 1803 4201">
    <p class='ocr_par' dir='ltr' id='par_1_5' title="bbox 97 2133 1803 3748">
     <span class='ocr_line' id='line_1_13' title="bbox 199 2133 1802 2221; baseline -0.001 -23"><span class='ocrx_word' id='word_1_75' title='bbox 199 2133 370 2216; x_wconf 87' lang='lat' dir='ltr'>Postquam</span> <span class='ocrx_word' id='word_1_76' title='bbox 398 2133 542 2199; x_wconf 87' lang='lat' dir='ltr'>carminis</span> <span class='ocrx_word' id='word_1_77' title='bbox 570 2135 648 2216; x_wconf 88' lang='lat' dir='ltr'>epici</span> <span class='ocrx_word' id='word_1_78' title='bbox 673 2154 780 2199; x_wconf 87' lang='lat' dir='ltr'>versus</span> <span class='ocrx_word' id='word_1_79' title='bbox 809 2154 996 2217; x_wconf 89' lang='lat' dir='ltr'>quamquam</span> <span class='ocrx_word' id='word_1_80' title='bbox 1027 2135 1158 2217; x_wconf 77' lang='lat' dir='ltr'>dactylis</span> <span class='ocrx_word' id='word_1_81' title='bbox 1187 2137 1219 2199; x_wconf 96' lang='lat' dir='ltr'>et</span> <span class='ocrx_word' id='word_1_82' title='bbox 1247 2135 1389 2221; x_wconf 87' lang='lat' dir='ltr'>spondeis</span> <span class='ocrx_word' id='word_1_83' title='bbox 1417 2135 1479 2199; x_wconf 90' lang='lat' dir='ltr'>iam</span> <span class='ocrx_word' id='word_1_84' title='bbox 1510 2135 1651 2217; x_wconf 90' lang='lat' dir='ltr'>paullum</span> <span class='ocrx_word' id='word_1_85' title='bbox 1682 2133 1802 2197; x_wconf 86' lang='lat' dir='ltr'>variata</span> 
     </span>
     <span class='ocr_line' id='line_1_14' title="bbox 99 2251 1800 2335; baseline -0.001 -20"><span class='ocrx_word' id='word_1_86' title='bbox 99 2251 236 2332; x_wconf 84' lang='lat' dir='ltr'>gravitas</span> <span class='ocrx_word' id='word_1_87' title='bbox 264 2271 299 2316; x_wconf 87' lang='grc' dir='ltr'>ιι</span> <span class='ocrx_word' id='word_1_88' title='bbox 325 2251 536 2333; x_wconf 88' lang='lat' dir='ltr'>tranquillitas</span> <span class='ocrx_word' id='word_1_89' title='bbox 564 2253 727 2317; x_wconf 89' lang='lat' dir='ltr'>subiuncto</span> <span class='ocrx_word' id='word_1_90' title='bbox 753 2254 945 2334; x_wconf 72' lang='lat' dir='ltr'>pentametro</span> <span class='ocrx_word' id='word_1_91' title='bbox 968 2253 1078 2317; x_wconf 93' lang='lat' dir='ltr'>Ionum</span> <span class='ocrx_word' id='word_1_92' title='bbox 1105 2252 1211 2334; x_wconf 87' lang='lat' dir='ltr'>paullo</span> <span class='ocrx_word' id='word_1_93' title='bbox 1234 2253 1492 2317; x_wconf 86' lang='lat' dir='ltr'>accommodatior</span> <span class='ocrx_word' id='word_1_94' title='bbox 1513 2252 1552 2316; x_wconf 87' lang='lat' dir='ltr'>ad</span> <span class='ocrx_word' id='word_1_95' title='bbox 1573 2253 1682 2335; x_wconf 90' lang='lat' dir='ltr'>poetae</span> <span class='ocrx_word' id='word_1_96' title='bbox 1703 2251 1800 2334; x_wconf 92' lang='lat' dir='ltr'>ipsius</span> 
     </span>
     <span class='ocr_line' id='line_1_15' title="bbox 100 2368 1800 2452; baseline 0.001 -21"><span class='ocrx_word' id='word_1_97' title='bbox 100 2387 208 2432; x_wconf 90' lang='lat' dir='ltr'>sensus</span> <span class='ocrx_word' id='word_1_98' title='bbox 231 2368 442 2451; x_wconf 86' lang='lat' dir='ltr'>exprimendos</span> <span class='ocrx_word' id='word_1_99' title='bbox 465 2369 547 2434; x_wconf 81' lang='lat' dir='ltr'>fucta</span> <span class='ocrx_word' id='word_1_100' title='bbox 569 2373 625 2448; x_wconf 92' lang='lat' dir='ltr'>est,</span> <span class='ocrx_word' id='word_1_101' title='bbox 648 2370 852 2434; x_wconf 88' lang='lat' dir='ltr'>Archilochus</span> <span class='ocrx_word' id='word_1_102' title='bbox 873 2390 945 2435; x_wconf 88' lang='lat' dir='ltr'>vero</span> <span class='ocrx_word' id='word_1_103' title='bbox 968 2370 1080 2434; x_wconf 88' lang='lat' dir='ltr'>additis</span> <span class='ocrx_word' id='word_1_104' title='bbox 1104 2371 1292 2435; x_wconf 86' lang='lat' dir='ltr'>tetrametris</span> <span class='ocrx_word' id='word_1_105' title='bbox 1315 2374 1347 2436; x_wconf 90' lang='grc' dir='ltr'>ιι</span> <span class='ocrx_word' id='word_1_106' title='bbox 1368 2371 1518 2434; x_wconf 88' lang='lat' dir='ltr'>trimetris</span> <span class='ocrx_word' id='word_1_107' title='bbox 1541 2370 1700 2452; x_wconf 86' lang='lat' dir='ltr'>dactylicis</span> <span class='ocrx_word' id='word_1_108' title='bbox 1717 2388 1800 2433; x_wconf 92' lang='lat' dir='ltr'>com-</span> 
     </span>
     <span class='ocr_line' id='line_1_16' title="bbox 98 2487 1802 2571; baseline 0 -21"><span class='ocrx_word' id='word_1_109' title='bbox 98 2487 245 2551; x_wconf 90' lang='lat' dir='ltr'>motiores</span> <span class='ocrx_word' id='word_1_110' title='bbox 278 2505 384 2551; x_wconf 88' lang='lat' dir='ltr'>versus</span> <span class='ocrx_word' id='word_1_111' title='bbox 411 2488 540 2568; x_wconf 87' lang='lat' dir='ltr'>creavit,</span> <span class='ocrx_word' id='word_1_112' title='bbox 512 2488 690 2552; x_wconf 92' lang='lat' dir='ltr'>tidem</span> <span class='ocrx_word' id='word_1_113' title='bbox 681 2507 743 2552; x_wconf 81' lang='lat' dir='ltr'>ram</span> <span class='ocrx_word' id='word_1_114' title='bbox 770 2507 805 2552; x_wconf 95' lang='lat' dir='ltr'>eo</span> <span class='ocrx_word' id='word_1_115' title='bbox 832 2506 1013 2570; x_wconf 83' lang='lat' dir='ltr'>progressus</span> <span class='ocrx_word' id='word_1_116' title='bbox 1041 2490 1097 2566; x_wconf 88' lang='lat' dir='ltr'>est,</span> <span class='ocrx_word' id='word_1_117' title='bbox 1130 2489 1299 2552; x_wconf 82' lang='lat' dir='ltr'>uiuersus</span> <span class='ocrx_word' id='word_1_118' title='bbox 1325 2488 1438 2571; x_wconf 91' lang='lat' dir='ltr'>pedum</span> <span class='ocrx_word' id='word_1_119' title='bbox 1466 2487 1587 2569; x_wconf 87' lang='lat' dir='ltr'>generis</span> <span class='ocrx_word' id='word_1_120' title='bbox 1614 2489 1697 2570; x_wconf 85' lang='lat' dir='ltr'>paris</span> <span class='ocrx_word' id='word_1_121' title='bbox 1731 2506 1802 2551; x_wconf 91' lang='lat' dir='ltr'>cum</span> 
     </span>
     <span class='ocr_line' id='line_1_17' title="bbox 100 2603 1801 2688; baseline -0.001 -20"><span class='ocrx_word' id='word_1_122' title='bbox 100 2603 237 2668; x_wconf 88' lang='lat' dir='ltr'>versibus</span> <span class='ocrx_word' id='word_1_123' title='bbox 258 2605 373 2687; x_wconf 90' lang='lat' dir='ltr'>pedum</span> <span class='ocrx_word' id='word_1_124' title='bbox 395 2605 517 2686; x_wconf 84' lang='lat' dir='ltr'>generis</span> <span class='ocrx_word' id='word_1_125' title='bbox 540 2605 626 2688; x_wconf 88' lang='lat' dir='ltr'>dupli</span> <span class='ocrx_word' id='word_1_126' title='bbox 649 2607 856 2687; x_wconf 84' lang='lat' dir='ltr'>coniungeret.</span> <span class='ocrx_word' id='word_1_127' title='bbox 833 2605 946 2670; x_wconf 78' lang='lat' dir='ltr'>tto</span> <span class='ocrx_word' id='word_1_128' title='bbox 963 2605 1123 2671; x_wconf 79' lang='lat' dir='ltr'>Censorini</span> <span class='ocrx_word' id='word_1_129' title='bbox 1141 2605 1251 2687; x_wconf 84' lang='lat' dir='ltr'>fragm.</span> <span class='ocrx_word' id='word_1_130' title='bbox 1272 2608 1347 2670; x_wconf 72' lang='grc' dir='ltr'>ιιι</span> <span class='ocrx_word' id='word_1_131' title='bbox 1371 2605 1638 2684; x_wconf 86' lang='lat' dir='ltr'>„Archilochust</span> <span class='ocrx_word' id='word_1_132' title='bbox 1607 2625 1623 2670; x_wconf 98' lang='grc' dir='ltr'>ι</span> <span class='ocrx_word' id='word_1_133' title='bbox 1640 2606 1702 2669; x_wconf 86' lang='lat' dir='ltr'>iam</span> <span class='ocrx_word' id='word_1_134' title='bbox 1718 2623 1801 2668; x_wconf 94' lang='lat' dir='ltr'>oom-</span> 
     </span>
     <span class='ocr_line' id='line_1_18' title="bbox 98 2721 1802 2806; baseline -0.001 -21"><span class='ocrx_word' id='word_1_135' title='bbox 98 2724 183 2786; x_wconf 85' lang='lat' dir='ltr'>mata</span> <span class='ocrx_word' id='word_1_136' title='bbox 207 2723 347 2787; x_wconf 87' lang='lat' dir='ltr'>versibus</span> <span class='ocrx_word' id='word_1_137' title='bbox 375 2723 557 2806; x_wconf 87' lang='lat' dir='ltr'>applicando</span> <span class='ocrx_word' id='word_1_138' title='bbox 579 2724 710 2788; x_wconf 87' lang='lat' dir='ltr'>variavit</span> <span class='ocrx_word' id='word_1_139' title='bbox 733 2743 769 2788; x_wconf 90' lang='lat' dir='ltr'>ea</span> <span class='ocrx_word' id='word_1_140' title='bbox 791 2724 888 2806; x_wconf 75' lang='lat' dir='ltr'>(veli)</span> <span class='ocrx_word' id='word_1_141' title='bbox 910 2726 966 2805; x_wconf 93' lang='lat' dir='ltr'>pot</span> <span class='ocrx_word' id='word_1_142' title='bbox 967 2724 1014 2788; x_wconf 90' lang='grc' dir='ltr'>ιιι</span> <span class='ocrx_word' id='word_1_143' title='bbox 1037 2743 1090 2806; x_wconf 91' lang='lat' dir='ltr'>per</span> <span class='ocrx_word' id='word_1_144' title='bbox 1110 2723 1261 2806; x_wconf 90' lang='lat' dir='ltr'>plurimas</span> <span class='ocrx_word' id='word_1_145' title='bbox 1284 2723 1400 2805; x_wconf 86' lang='lat' dir='ltr'>species</span> <span class='ocrx_word' id='word_1_146' title='bbox 1423 2723 1540 2787; x_wconf 63' lang='lat' dir='ltr'>secuit!</span> <span class='ocrx_word' id='word_1_147' title='bbox 1544 2721 1700 2801; x_wconf 82' lang='lat' dir='ltr'>&#39;iQuo</span> <span class='ocrx_word' id='word_1_148' title='bbox 1698 2723 1749 2786; x_wconf 96' lang='grc' dir='ltr'>ιιι</span> <span class='ocrx_word' id='word_1_149' title='bbox 1749 2741 1802 2784; x_wconf 95' lang='lat' dir='ltr'>um</span> 
     </span>
     <span class='ocr_line' id='line_1_19' title="bbox 99 2838 1802 2916; baseline -0.001 -13"><span class='ocrx_word' id='word_1_150' title='bbox 99 2840 160 2916; x_wconf 88' lang='lat' dir='ltr'>est,</span> <span class='ocrx_word' id='word_1_151' title='bbox 193 2841 361 2905; x_wconf 87' lang='lat' dir='ltr'>utversus</span> <span class='ocrx_word' id='word_1_152' title='bbox 395 2841 507 2905; x_wconf 93' lang='lat' dir='ltr'>heroici</span> <span class='ocrx_word' id='word_1_153' title='bbox 540 2841 668 2906; x_wconf 88' lang='lat' dir='ltr'>affectus</span> <span class='ocrx_word' id='word_1_154' title='bbox 702 2841 851 2905; x_wconf 88' lang='lat' dir='ltr'>celeribus</span> <span class='ocrx_word' id='word_1_155' title='bbox 880 2842 1096 2905; x_wconf 83' lang='lat' dir='ltr'>trochaeist</span> <span class='ocrx_word' id='word_1_156' title='bbox 1065 2845 1096 2905; x_wconf 89' lang='lat' dir='ltr'>et</span> <span class='ocrx_word' id='word_1_157' title='bbox 1123 2840 1232 2905; x_wconf 89' lang='lat' dir='ltr'>iambis</span> <span class='ocrx_word' id='word_1_158' title='bbox 1261 2841 1375 2905; x_wconf 85' lang='lat' dir='ltr'>additis</span> <span class='ocrx_word' id='word_1_159' title='bbox 1403 2839 1610 2904; x_wconf 88' lang='lat' dir='ltr'>concitaretur</span> <span class='ocrx_word' id='word_1_160' title='bbox 1643 2841 1675 2904; x_wconf 90' lang='lat' dir='ltr'>et</span> <span class='ocrx_word' id='word_1_161' title='bbox 1708 2838 1802 2902; x_wconf 90' lang='lat' dir='ltr'>simul</span> 
     </span>
     <span class='ocr_line' id='line_1_20' title="bbox 98 2955 1802 3040; baseline -0.002 -19"><span class='ocrx_word' id='word_1_162' title='bbox 98 2957 230 3022; x_wconf 87' lang='lat' dir='ltr'>varietas</span> <span class='ocrx_word' id='word_1_163' title='bbox 258 2958 409 3039; x_wconf 87' lang='lat' dir='ltr'>quaedam</span> <span class='ocrx_word' id='word_1_164' title='bbox 435 2961 605 3023; x_wconf 90' lang='lat' dir='ltr'>metrorum</span> <span class='ocrx_word' id='word_1_165' title='bbox 632 2958 814 3022; x_wconf 86' lang='lat' dir='ltr'>efficeretur.</span> <span class='ocrx_word' id='word_1_166' title='bbox 867 2958 1017 3022; x_wconf 90' lang='lat' dir='ltr'>Venimus</span> <span class='ocrx_word' id='word_1_167' title='bbox 1048 2959 1144 3040; x_wconf 83' lang='lat' dir='ltr'>igitur</span> <span class='ocrx_word' id='word_1_168' title='bbox 1168 2977 1251 3023; x_wconf 91' lang='lat' dir='ltr'>nunc</span> <span class='ocrx_word' id='word_1_169' title='bbox 1278 2959 1318 3022; x_wconf 91' lang='lat' dir='ltr'>ad</span> <span class='ocrx_word' id='word_1_170' title='bbox 1343 2960 1457 3036; x_wconf 87' lang='lat' dir='ltr'>metra,</span> <span class='ocrx_word' id='word_1_171' title='bbox 1488 2975 1565 3039; x_wconf 90' lang='lat' dir='ltr'>quae</span> <span class='ocrx_word' id='word_1_172' title='bbox 1591 2957 1731 3021; x_wconf 88' lang='lat' dir='ltr'>versibus</span> <span class='ocrx_word' id='word_1_173' title='bbox 1754 2955 1802 3019; x_wconf 88' lang='lat' dir='ltr'>vel</span> 
     </span>
     <span class='ocr_line' id='line_1_21' title="bbox 98 3071 1800 3159; baseline -0.001 -21"><span class='ocrx_word' id='word_1_174' title='bbox 98 3075 245 3139; x_wconf 90' lang='lat' dir='ltr'>membris</span> <span class='ocrx_word' id='word_1_175' title='bbox 278 3094 424 3156; x_wconf 84' lang='lat' dir='ltr'>generum</span> <span class='ocrx_word' id='word_1_176' title='bbox 456 3075 646 3142; x_wconf 89' lang='lat' dir='ltr'>diversorum</span> <span class='ocrx_word' id='word_1_177' title='bbox 678 3079 836 3152; x_wconf 88' lang='lat' dir='ltr'>constant,</span> <span class='ocrx_word' id='word_1_178' title='bbox 874 3077 913 3140; x_wconf 86' lang='lat' dir='ltr'>ab</span> <span class='ocrx_word' id='word_1_179' title='bbox 946 3077 1081 3158; x_wconf 88' lang='lat' dir='ltr'>antiquis</span> <span class='ocrx_word' id='word_1_180' title='bbox 1110 3079 1210 3140; x_wconf 89' lang='lat' dir='ltr'>metra</span> <span class='ocrx_word' id='word_1_181' title='bbox 1242 3076 1411 3158; x_wconf 85' lang='lat' dir='ltr'>composita</span> <span class='ocrx_word' id='word_1_182' title='bbox 1445 3075 1558 3159; x_wconf 78' lang='grc' dir='ltr'><strong>(μέτρα</strong></span> <span class='ocrx_word' id='word_1_183' title='bbox 1591 3071 1800 3155; x_wconf 61' lang='lat' dir='ltr'>catecheses)</span> 
     </span>
     <span class='ocr_line' id='line_1_22' title="bbox 98 3191 1801 3277; baseline -0.001 -21"><span class='ocrx_word' id='word_1_184' title='bbox 98 3193 261 3275; x_wconf 89' lang='lat' dir='ltr'>appellata.</span> <span class='ocrx_word' id='word_1_185' title='bbox 299 3191 379 3257; x_wconf 85' lang='lat' dir='ltr'>Sunt</span> <span class='ocrx_word' id='word_1_186' title='bbox 399 3192 422 3257; x_wconf 88' lang='lat' dir='ltr'>ii</span> <span class='ocrx_word' id='word_1_187' title='bbox 443 3213 565 3272; x_wconf 85' lang='lat' dir='ltr'>versus,</span> <span class='ocrx_word' id='word_1_188' title='bbox 588 3194 699 3275; x_wconf 92' lang='lat' dir='ltr'>quibus</span> <span class='ocrx_word' id='word_1_189' title='bbox 720 3196 812 3276; x_wconf 92' lang='lat' dir='ltr'>poeta</span> <span class='ocrx_word' id='word_1_190' title='bbox 833 3193 886 3258; x_wconf 91' lang='lat' dir='ltr'>illc</span> <span class='ocrx_word' id='word_1_191' title='bbox 908 3194 947 3258; x_wconf 86' lang='lat' dir='ltr'>ad</span> <span class='ocrx_word' id='word_1_192' title='bbox 969 3197 1112 3277; x_wconf 89' lang='lat' dir='ltr'>strophas</span> <span class='ocrx_word' id='word_1_193' title='bbox 1127 3194 1270 3258; x_wconf 88' lang='lat' dir='ltr'>binorum</span> <span class='ocrx_word' id='word_1_194' title='bbox 1283 3211 1429 3257; x_wconf 88' lang='lat' dir='ltr'>versuum</span> <span class='ocrx_word' id='word_1_195' title='bbox 1451 3192 1613 3275; x_wconf 82' lang='lat' dir='ltr'>fingendus</span> <span class='ocrx_word' id='word_1_196' title='bbox 1637 3211 1703 3256; x_wconf 89' lang='lat' dir='ltr'>esse</span> <span class='ocrx_word' id='word_1_197' title='bbox 1724 3207 1801 3255; x_wconf 91' lang='lat' dir='ltr'>usus</span> 
     </span>
     <span class='ocr_line' id='line_1_23' title="bbox 98 3309 1801 3392; baseline -0.001 -18"><span class='ocrx_word' id='word_1_198' title='bbox 98 3313 156 3389; x_wconf 93' lang='lat' dir='ltr'>est,</span> <span class='ocrx_word' id='word_1_199' title='bbox 170 3309 305 3375; x_wconf 89' lang='lat' dir='ltr'>trimetri</span> <span class='ocrx_word' id='word_1_200' title='bbox 319 3311 442 3375; x_wconf 90' lang='lat' dir='ltr'>iambici</span> <span class='ocrx_word' id='word_1_201' title='bbox 457 3314 645 3376; x_wconf 87' lang='lat' dir='ltr'>acataleotus</span> <span class='ocrx_word' id='word_1_202' title='bbox 657 3315 689 3377; x_wconf 89' lang='grc' dir='ltr'>ιι</span> <span class='ocrx_word' id='word_1_203' title='bbox 700 3313 908 3391; x_wconf 82' lang='lat' dir='ltr'>catalecticus,</span> <span class='ocrx_word' id='word_1_204' title='bbox 923 3313 1054 3378; x_wconf 86' lang='lat' dir='ltr'>dimeter</span> <span class='ocrx_word' id='word_1_205' title='bbox 1067 3313 1216 3378; x_wconf 88' lang='lat' dir='ltr'>iambicus</span> <span class='ocrx_word' id='word_1_206' title='bbox 1231 3312 1428 3391; x_wconf 86' lang='lat' dir='ltr'>acatalectus,</span> <span class='ocrx_word' id='word_1_207' title='bbox 1443 3310 1679 3392; x_wconf 84' lang='lat' dir='ltr'>Ithyphallicus.</span> <span class='ocrx_word' id='word_1_208' title='bbox 1707 3310 1801 3375; x_wconf 81' lang='lat' dir='ltr'>Cuius</span> 
     </span>
     <span class='ocr_line' id='line_1_24' title="bbox 97 3428 1803 3514; baseline -0.001 -21"><span class='ocrx_word' id='word_1_209' title='bbox 97 3429 206 3511; x_wconf 85' lang='lat' dir='ltr'>poetae</span> <span class='ocrx_word' id='word_1_210' title='bbox 234 3447 305 3493; x_wconf 89' lang='lat' dir='ltr'>oum</span> <span class='ocrx_word' id='word_1_211' title='bbox 326 3428 389 3494; x_wconf 90' lang='lat' dir='ltr'>iam</span> <span class='ocrx_word' id='word_1_212' title='bbox 410 3432 545 3495; x_wconf 87' lang='lat' dir='ltr'>metrum</span> <span class='ocrx_word' id='word_1_213' title='bbox 567 3432 650 3513; x_wconf 93' lang='lat' dir='ltr'>quod</span> <span class='ocrx_word' id='word_1_214' title='bbox 669 3432 806 3514; x_wconf 92' lang='lat' dir='ltr'>primum</span> <span class='ocrx_word' id='word_1_215' title='bbox 828 3432 893 3496; x_wconf 92' lang='lat' dir='ltr'>eius</span> <span class='ocrx_word' id='word_1_216' title='bbox 916 3431 1027 3496; x_wconf 88' lang='lat' dir='ltr'>dicitur</span> <span class='ocrx_word' id='word_1_217' title='bbox 1050 3431 1274 3508; x_wconf 86' lang='lat' dir='ltr'>enarravimus,</span> <span class='ocrx_word' id='word_1_218' title='bbox 1297 3432 1397 3494; x_wconf 87' lang='lat' dir='ltr'>restat</span> <span class='ocrx_word' id='word_1_219' title='bbox 1418 3431 1455 3493; x_wconf 90' lang='lat' dir='ltr'>ut</span> <span class='ocrx_word' id='word_1_220' title='bbox 1476 3429 1594 3510; x_wconf 89' lang='lat' dir='ltr'>reliqua</span> <span class='ocrx_word' id='word_1_221' title='bbox 1616 3429 1681 3492; x_wconf 91' lang='lat' dir='ltr'>eius</span> <span class='ocrx_word' id='word_1_222' title='bbox 1703 3431 1803 3493; x_wconf 89' lang='lat' dir='ltr'>metra</span> 
     </span>
     <span class='ocr_line' id='line_1_25' title="bbox 99 3547 1802 3631; baseline 0 -21"><span class='ocrx_word' id='word_1_223' title='bbox 99 3547 336 3618; x_wconf 88' lang='lat' dir='ltr'>consideremus.</span> <span class='ocrx_word' id='word_1_224' title='bbox 380 3548 422 3612; x_wconf 83' lang='lat' dir='ltr'>Et</span> <span class='ocrx_word' id='word_1_225' title='bbox 443 3549 491 3613; x_wconf 87' lang='lat' dir='ltr'>est</span> <span class='ocrx_word' id='word_1_226' title='bbox 513 3567 618 3614; x_wconf 91' lang='lat' dir='ltr'>eorum</span> <span class='ocrx_word' id='word_1_227' title='bbox 640 3549 769 3613; x_wconf 87' lang='lat' dir='ltr'>affectus</span> <span class='ocrx_word' id='word_1_228' title='bbox 790 3567 845 3631; x_wconf 89' lang='lat' dir='ltr'>pro</span> <span class='ocrx_word' id='word_1_229' title='bbox 866 3549 980 3613; x_wconf 90' lang='lat' dir='ltr'>natura</span> <span class='ocrx_word' id='word_1_230' title='bbox 1001 3567 1148 3630; x_wconf 85' lang='lat' dir='ltr'>generum</span> <span class='ocrx_word' id='word_1_231' title='bbox 1163 3548 1398 3612; x_wconf 90' lang='lat' dir='ltr'>coniunctorum</span> <span class='ocrx_word' id='word_1_232' title='bbox 1413 3547 1505 3610; x_wconf 94' lang='lat' dir='ltr'>modo</span> <span class='ocrx_word' id='word_1_233' title='bbox 1520 3548 1693 3610; x_wconf 87' lang='lat' dir='ltr'>commotus</span> <span class='ocrx_word' id='word_1_234' title='bbox 1709 3549 1802 3627; x_wconf 87' lang='lat' dir='ltr'>atque</span> 
     </span>
     <span class='ocr_line' id='line_1_26' title="bbox 99 3663 1048 3748; baseline 0.001 -20"><span class='ocrx_word' id='word_1_235' title='bbox 99 3663 174 3729; x_wconf 86' lang='lat' dir='ltr'>odeo</span> <span class='ocrx_word' id='word_1_236' title='bbox 197 3665 378 3743; x_wconf 86' lang='lat' dir='ltr'>concitatus,</span> <span class='ocrx_word' id='word_1_237' title='bbox 402 3666 493 3730; x_wconf 91' lang='lat' dir='ltr'>modo</span> <span class='ocrx_word' id='word_1_238' title='bbox 514 3686 569 3748; x_wconf 87' lang='lat' dir='ltr'>per</span> <span class='ocrx_word' id='word_1_239' title='bbox 590 3666 694 3731; x_wconf 91' lang='lat' dir='ltr'>iocum</span> <span class='ocrx_word' id='word_1_240' title='bbox 716 3669 748 3732; x_wconf 91' lang='grc' dir='ltr'>ιι</span> <span class='ocrx_word' id='word_1_241' title='bbox 769 3665 880 3731; x_wconf 92' lang='lat' dir='ltr'>ludum</span> <span class='ocrx_word' id='word_1_242' title='bbox 902 3667 987 3747; x_wconf 86' lang='lat' dir='ltr'>agita</span> <span class='ocrx_word' id='word_1_243' title='bbox 953 3667 1048 3730; x_wconf 86' lang='lat' dir='ltr'>tatus.</span> 
     </span>
    </p>

    <p class='ocr_par' dir='ltr' id='par_1_6' title="bbox 98 3781 1803 4201">
     <span class='ocr_line' id='line_1_27' title="bbox 199 3781 1803 3865; baseline -0.002 -19"><span class='ocrx_word' id='word_1_244' title='bbox 199 3784 304 3865; x_wconf 83' lang='lat' dir='ltr'>Atque</span> <span class='ocrx_word' id='word_1_245' title='bbox 332 3801 402 3846; x_wconf 90' lang='lat' dir='ltr'>cnm</span> <span class='ocrx_word' id='word_1_246' title='bbox 428 3786 476 3847; x_wconf 92' lang='lat' dir='ltr'>est</span> <span class='ocrx_word' id='word_1_247' title='bbox 503 3783 643 3848; x_wconf 86' lang='lat' dir='ltr'>hexamet</span> <span class='ocrx_word' id='word_1_248' title='bbox 629 3788 677 3848; x_wconf 87' lang='lat' dir='ltr'>tro</span> <span class='ocrx_word' id='word_1_249' title='bbox 705 3785 889 3848; x_wconf 89' lang='lat' dir='ltr'>subiunctus</span> <span class='ocrx_word' id='word_1_250' title='bbox 917 3784 1013 3848; x_wconf 94' lang='lat' dir='ltr'>dimet</span> <span class='ocrx_word' id='word_1_251' title='bbox 999 3787 1047 3848; x_wconf 88' lang='lat' dir='ltr'>ter</span> <span class='ocrx_word' id='word_1_252' title='bbox 1072 3781 1223 3847; x_wconf 90' lang='lat' dir='ltr'>iambicus</span> <span class='ocrx_word' id='word_1_253' title='bbox 1250 3785 1320 3846; x_wconf 91' lang='lat' dir='ltr'>acat</span> <span class='ocrx_word' id='word_1_254' title='bbox 1323 3783 1439 3846; x_wconf 89' lang='lat' dir='ltr'>alectus</span> <span class='ocrx_word' id='word_1_255' title='bbox 1473 3783 1608 3847; x_wconf 89' lang='lat' dir='ltr'>metrum</span> <span class='ocrx_word' id='word_1_256' title='bbox 1638 3782 1688 3859; x_wconf 89' lang='lat' dir='ltr'>fit,</span> <span class='ocrx_word' id='word_1_257' title='bbox 1721 3781 1803 3862; x_wconf 93' lang='lat' dir='ltr'>quod</span> 
     </span>
     <span class='ocr_line' id='line_1_28' title="bbox 100 3897 1802 3984; baseline -0.002 -20"><span class='ocrx_word' id='word_1_258' title='bbox 100 3919 171 3965; x_wconf 90' lang='lat' dir='ltr'>cum</span> <span class='ocrx_word' id='word_1_259' title='bbox 193 3903 315 3966; x_wconf 91' lang='lat' dir='ltr'>conset</span> <span class='ocrx_word' id='word_1_260' title='bbox 336 3920 427 3966; x_wconf 89' lang='lat' dir='ltr'>versu</span> <span class='ocrx_word' id='word_1_261' title='bbox 448 3901 510 3984; x_wconf 82' lang='lat' dir='ltr'>Pyt</span> <span class='ocrx_word' id='word_1_262' title='bbox 510 3902 577 3979; x_wconf 90' lang='lat' dir='ltr'>hio,</span> <span class='ocrx_word' id='word_1_263' title='bbox 599 3901 631 3966; x_wconf 94' lang='lat' dir='ltr'>id</span> <span class='ocrx_word' id='word_1_264' title='bbox 654 3904 702 3966; x_wconf 91' lang='lat' dir='ltr'>est</span> <span class='ocrx_word' id='word_1_265' title='bbox 723 3904 914 3981; x_wconf 85' lang='lat' dir='ltr'>hexametro,</span> <span class='ocrx_word' id='word_1_266' title='bbox 938 3904 969 3966; x_wconf 90' lang='lat' dir='ltr'>et</span> <span class='ocrx_word' id='word_1_267' title='bbox 989 3899 1114 3979; x_wconf 89' lang='lat' dir='ltr'>iambis,</span> <span class='ocrx_word' id='word_1_268' title='bbox 1144 3901 1317 3983; x_wconf 87' lang='lat' dir='ltr'>appellatur</span> <span class='ocrx_word' id='word_1_269' title='bbox 1339 3899 1410 3981; x_wconf 81' lang='lat' dir='ltr'>Pyt</span> <span class='ocrx_word' id='word_1_270' title='bbox 1396 3897 1645 3962; x_wconf 89' lang='lat' dir='ltr'>thiambioum</span> <span class='ocrx_word' id='word_1_271' title='bbox 1668 3899 1699 3962; x_wconf 91' lang='lat' dir='ltr'>et</span> <span class='ocrx_word' id='word_1_272' title='bbox 1720 3897 1802 3979; x_wconf 93' lang='lat' dir='ltr'>quod</span> 
     </span>
     <span class='ocr_line' id='line_1_29' title="bbox 99 4015 1802 4101; baseline -0.002 -19"><span class='ocrx_word' id='word_1_273' title='bbox 99 4019 221 4083; x_wconf 88' lang='lat' dir='ltr'>brevius</span> <span class='ocrx_word' id='word_1_274' title='bbox 253 4018 425 4084; x_wconf 86' lang='lat' dir='ltr'>iamborum</span> <span class='ocrx_word' id='word_1_275' title='bbox 457 4021 631 4084; x_wconf 88' lang='lat' dir='ltr'>membrum</span> <span class='ocrx_word' id='word_1_276' title='bbox 662 4020 750 4084; x_wconf 90' lang='lat' dir='ltr'>addit</span> <span class='ocrx_word' id='word_1_277' title='bbox 736 4024 805 4084; x_wconf 91' lang='lat' dir='ltr'>turn</span> <span class='ocrx_word' id='word_1_278' title='bbox 835 4024 896 4098; x_wconf 91' lang='grc' dir='ltr'>ιιι,</span> <span class='ocrx_word' id='word_1_279' title='bbox 929 4021 965 4083; x_wconf 95' lang='lat' dir='ltr'>ut</span> <span class='ocrx_word' id='word_1_280' title='bbox 992 4021 1054 4083; x_wconf 89' lang='lat' dir='ltr'>dist</span> <span class='ocrx_word' id='word_1_281' title='bbox 1055 4020 1203 4101; x_wconf 84' lang='lat' dir='ltr'>inguutur</span> <span class='ocrx_word' id='word_1_282' title='bbox 1230 4019 1268 4082; x_wconf 92' lang='lat' dir='ltr'>ab</span> <span class='ocrx_word' id='word_1_283' title='bbox 1295 4017 1341 4082; x_wconf 91' lang='lat' dir='ltr'>alt</span> <span class='ocrx_word' id='word_1_284' title='bbox 1327 4021 1407 4094; x_wconf 81' lang='lat' dir='ltr'>teuc,</span> <span class='ocrx_word' id='word_1_285' title='bbox 1441 4015 1651 4096; x_wconf 85' lang='lat' dir='ltr'>Pythicmb</span> <span class='ocrx_word' id='word_1_286' title='bbox 1681 4015 1802 4078; x_wconf 91' lang='lat' dir='ltr'>minus</span> 
     </span>
     <span class='ocr_line' id='line_1_30' title="bbox 98 4135 295 4201; baseline 0.016 -3"><span class='ocrx_word' id='word_1_287' title='bbox 98 4135 211 4199; x_wconf 82' lang='lat' dir='ltr'>Forma</span> <span class='ocrx_word' id='word_1_288' title='bbox 233 4139 295 4201; x_wconf 87' lang='lat' dir='ltr'>est:</span> 
     </span>
    </p>
   </div>
   <div class='ocr_carea' id='block_1_6' title="bbox 97 4441 1801 4886">
    <p class='ocr_par' dir='ltr' id='par_1_7' title="bbox 97 4441 1752 4874">
     <span class='ocr_line' id='line_1_31' title="bbox 591 4441 1320 4521; baseline -0.004 -1"><span class='ocrx_word' id='word_1_289' title='bbox 591 4455 698 4521; x_wconf 89' lang='lat' dir='ltr'>Mollis</span> <span class='ocrx_word' id='word_1_290' title='bbox 720 4457 831 4521; x_wconf 90' lang='lat' dir='ltr'>inertia</span> <span class='ocrx_word' id='word_1_291' title='bbox 852 4474 905 4519; x_wconf 87' lang='lat' dir='ltr'>cur</span> <span class='ocrx_word' id='word_1_292' title='bbox 927 4457 997 4520; x_wconf 89' lang='lat' dir='ltr'>ttan</span> <span class='ocrx_word' id='word_1_293' title='bbox 998 4473 1050 4520; x_wconf 88' lang='lat' dir='ltr'>am</span> <span class='ocrx_word' id='word_1_294' title='bbox 1071 4441 1228 4520; x_wconf 86' lang='lat' dir='ltr'>diffuderit</span> <span class='ocrx_word' id='word_1_295' title='bbox 1214 4453 1320 4518; x_wconf 90' lang='lat' dir='ltr'>timis</span> 
     </span>
     <span class='ocr_line' id='line_1_32' title="bbox 591 4572 1279 4654; baseline -0.003 -16"><span class='ocrx_word' id='word_1_296' title='bbox 591 4574 777 4638; x_wconf 89' lang='lat' dir='ltr'>oblivionem</span> <span class='ocrx_word' id='word_1_297' title='bbox 799 4573 948 4638; x_wconf 89' lang='lat' dir='ltr'>sensibus.</span> <span class='ocrx_word' id='word_1_298' title='bbox 992 4572 1088 4654; x_wconf 84' lang='lat' dir='ltr'>llpod.</span> <span class='ocrx_word' id='word_1_299' title='bbox 1114 4573 1207 4637; x_wconf 87' lang='grc' dir='ltr'>14ιι</span> <span class='ocrx_word' id='word_1_300' title='bbox 1230 4573 1279 4636; x_wconf 85' lang='grc'>15.</span> 
     </span>
     <span class='ocr_line' id='line_1_33' title="bbox 99 4687 1801 4772; baseline -0.003 -18"><span class='ocrx_word' id='word_1_301' title='bbox 99 4689 172 4772; x_wconf 84' lang='lat' dir='ltr'>Pyt</span> <span class='ocrx_word' id='word_1_302' title='bbox 176 4690 401 4755; x_wconf 89' lang='lat' dir='ltr'>hiambicum</span> <span class='ocrx_word' id='word_1_303' title='bbox 428 4692 547 4755; x_wconf 89' lang='lat' dir='ltr'>maius</span> <span class='ocrx_word' id='word_1_304' title='bbox 570 4690 717 4769; x_wconf 84' lang='lat' dir='ltr'>efficitur,</span> <span class='ocrx_word' id='word_1_305' title='bbox 749 4709 819 4756; x_wconf 90' lang='lat' dir='ltr'>cum</span> <span class='ocrx_word' id='word_1_306' title='bbox 847 4688 949 4756; x_wconf 83' lang='lat' dir='ltr'>versui</span> <span class='ocrx_word' id='word_1_307' title='bbox 971 4689 1082 4770; x_wconf 86' lang='lat' dir='ltr'>Pythio</span> <span class='ocrx_word' id='word_1_308' title='bbox 1112 4688 1325 4754; x_wconf 83' lang='lat' dir='ltr'>adiunxerist</span> <span class='ocrx_word' id='word_1_309' title='bbox 1325 4689 1417 4753; x_wconf 90' lang='lat' dir='ltr'>rimet</span> <span class='ocrx_word' id='word_1_310' title='bbox 1418 4707 1488 4752; x_wconf 90' lang='lat' dir='ltr'>rum</span> <span class='ocrx_word' id='word_1_311' title='bbox 1508 4687 1675 4752; x_wconf 89' lang='lat' dir='ltr'>iambicum</span> <span class='ocrx_word' id='word_1_312' title='bbox 1697 4687 1801 4750; x_wconf 89' lang='grc' dir='ltr'>ιιιιι-</span> 
     </span>
     <span class='ocr_line' id='line_1_34' title="bbox 97 4808 566 4886; baseline 0.004 -15"><span class='ocrx_word' id='word_1_313' title='bbox 97 4809 224 4886; x_wconf 91' lang='lat' dir='ltr'>lectum,</span> <span class='ocrx_word' id='word_1_314' title='bbox 247 4810 282 4872; x_wconf 93' lang='lat' dir='ltr'>ut</span> <span class='ocrx_word' id='word_1_315' title='bbox 305 4808 346 4872; x_wconf 91' lang='lat' dir='ltr'>sit</span> <span class='ocrx_word' id='word_1_316' title='bbox 368 4808 432 4872; x_wconf 91' lang='lat' dir='ltr'>eius</span> <span class='ocrx_word' id='word_1_317' title='bbox 454 4810 566 4874; x_wconf 82' lang='lat' dir='ltr'>forma:</span> 
     </span>
    </p>
   </div>
   <div class='ocr_carea' id='block_1_7' title="bbox 603 5145 1308 5344">
    <p class='ocr_par' dir='ltr' id='par_1_8' title="bbox 603 5145 1308 5344">
     <span class='ocr_line' id='line_1_35' title="bbox 603 5145 1308 5218; baseline -0.004 -9"><span class='ocrx_word' id='word_1_318' title='bbox 603 5145 730 5210; x_wconf 86' lang='lat' dir='ltr'>altera</span> <span class='ocrx_word' id='word_1_319' title='bbox 721 5164 784 5209; x_wconf 87' lang='lat' dir='ltr'>ram</span> <span class='ocrx_word' id='word_1_320' title='bbox 807 5145 917 5209; x_wconf 87' lang='lat' dir='ltr'>teritur</span> <span class='ocrx_word' id='word_1_321' title='bbox 938 5145 1026 5209; x_wconf 92' lang='lat' dir='ltr'>hellis</span> <span class='ocrx_word' id='word_1_322' title='bbox 1049 5145 1192 5208; x_wconf 87' lang='lat' dir='ltr'>civilibus</span> <span class='ocrx_word' id='word_1_323' title='bbox 1213 5145 1264 5207; x_wconf 87' lang='lat' dir='ltr'>aet</span> <span class='ocrx_word' id='word_1_324' title='bbox 1266 5161 1308 5218; x_wconf 86' lang='lat' dir='ltr'>as,</span> 
     </span>
     <span class='ocr_line' id='line_1_36' title="bbox 604 5261 1161 5344; baseline -0.004 -18"><span class='ocrx_word' id='word_1_325' title='bbox 604 5264 667 5326; x_wconf 90' lang='lat' dir='ltr'>suis</span> <span class='ocrx_word' id='word_1_326' title='bbox 689 5263 750 5326; x_wconf 88' lang='grc' dir='ltr'>ιι</span> <span class='ocrx_word' id='word_1_327' title='bbox 742 5281 810 5344; x_wconf 88' lang='lat' dir='ltr'>1psa</span> <span class='ocrx_word' id='word_1_328' title='bbox 831 5263 931 5327; x_wconf 85' lang='lat' dir='ltr'>Roma</span> <span class='ocrx_word' id='word_1_329' title='bbox 951 5263 1067 5328; x_wconf 86' lang='lat' dir='ltr'>viribus</span> <span class='ocrx_word' id='word_1_330' title='bbox 1089 5261 1161 5325; x_wconf 91' lang='lat' dir='ltr'>ruit.</span> 
     </span>
    </p>
   </div>
   <div class='ocr_carea' id='block_1_8' title="bbox 0 0 2040 5940">
    <p class='ocr_par' dir='ltr' id='par_1_9' title="bbox 0 0 2040 5940">
     <span class='ocr_line' id='line_1_37' title="bbox 0 0 2040 5940; baseline 0 0"><span class='ocrx_word' id='word_1_331' title='bbox 0 0 2040 5940; x_wconf 95' lang='lat' dir='ltr'> </span> 
     </span>
    </p>
   </div>
  </div>
 </body>
</html>
