4452 5900
1073 352 1281 416 „11-

327 546 486 612 abundant
506 559 663 608 caesuram
684 541 758 622 post
778 538 892 603 thesim
913 535 1095 619 praeferant.
1138 535 1255 600 Versus
1276 533 1373 614 igitur
1394 533 1579 616 exemplaria
1600 536 1675 598 sunt
1696 533 1771 598 haec
1785 534 1931 615 quattuor
1945 528 2026 616 apud

326 663 507 729 Horatium:
2051 657 2052 664 1

747 895 800 975 qui
822 893 868 970 fit,
891 893 1062 968 Maecenas,
1085 893 1121 955 11
1142 908 1241 967 nemo,
1264 907 1356 970 quam
1379 890 1437 954 11111
1459 890 1585 965 sortem,

1063 1024 1073 1043 '
1104 1053 1151 1074 νυ
1180 1025 1190 1042 ’
1219 1009 1528 1088 ΝΞΛ-1111431

749 1149 788 1193 au
809 1129 937 1210 vigilare
959 1130 1045 1193 metu
1067 1129 1237 1192 exanimem
1258 1128 1425 1208 nentesque
1447 1126 1581 1208 diesque,

750 1365 880 1445 miraris,
902 1383 974 1428 cum
996 1367 1123 1446 argento
1144 1367 1215 1446 post
1237 1365 1340 1428 omnia
1360 1382 1467 1446 ponas,

813 1481 1535 1561 'L—‘ss—ssffst‘ss-sswss'u‘

750 1603 787 1666 ut
808 1601 898 1666 festis
920 1605 1062 1667 matrona
1083 1602 1201 1666 moveri
1222 1602 1307 1666 iussa
1329 1603 1445 1668 diebus.

331 1717 449 1798 Quibus
471 1718 579 1800 quinta
599 1737 707 1782 versus
729 1719 854 1800 species,
877 1719 930 1800 qui
951 1717 1066 1784 dicitur
1088 1719 1282 1802 spondiacus,
1305 1724 1407 1802 στίχος
1429 1717 1663 1795 σπονδειάζων,
1687 1715 1814 1782 assedit.
1852 1715 1930 1781 0111
1947 1714 2031 1779 euim

332 1837 464 1901 ultimus
493 1835 624 1901 membri
649 1835 828 1919 posterioris
853 1855 922 1919 pce,
955 1838 991 1901 ut
1016 1837 1127 1902 idonea
1152 1854 1259 1901 versus
1286 1838 1425 1901 clausula
1450 1836 1517 1914 fiat,
1546 1835 1699 1919 spondeus
1725 1834 1775 1899 vel
1796 1835 1958 1899 trochacus
1981 1831 2030 1909 sit,

330 1953 540 2036 paenultimus
561 1973 616 2037 pes
637 1953 820 2036 plerumque
842 1953 983 2035 dactylus
1006 1955 1062 2032 est,
1084 1972 1208 2037 perraro
1230 1954 1292 2018 nisi
1314 1955 1396 2036 apud
1417 1953 1644 2019 Alexandrinos
1673 1954 1812 2017 homines
1839 1953 1872 2016 in
1892 1952 2031 2016 versibus
2069 2003 2070 2020 2

330 2070 485 2152 fingendis
507 2071 779 2136 artificiosissimos
802 2090 968 2154 eorumque
989 2071 1146 2137 Romanos
1173 2071 1345 2137 imitatores
1371 2072 1457 2136 velut
1479 2071 1639 2138 Catullum
1666 2074 1733 2149 etc,
1762 2071 1925 2153 spondeus.
1971 2067 2033 2148 qni
2070 2077 2072 2154 ³,

333 2189 486 2270 spondeus
509 2190 617 2271 quinto
638 2190 706 2254 loco
729 2189 892 2271 gravitatis
915 2207 1008 2253 causa
1028 2208 1084 2272 pro
1100 2190 1224 2271 dactylo
1238 2189 1360 2273 positus
1375 2190 1479 2254 versui
1492 2207 1606 2254 nomen
1628 2189 1690 2253 dat.
1707 2189 1889 2271 Exemplum
1905 2187 2031 2252 habeto:

820 2307 954 2372 invitum
976 2307 1029 2389 qui
1051 2310 1161 2386 seruat,
1183 2308 1263 2372 idem
1285 2306 1360 2372 facit
1382 2307 1541 2373 occidenti.

434 2425 477 2490 At
498 2443 614 2502 versus,
637 2424 690 2506 qui
712 2443 839 2490 caesura
860 2426 1015 2500 carebant,
1037 2423 1143 2489 vitiosi
1164 2423 1263 2491 habiti
1283 2426 1466 2508 plerumque
1487 2442 1550 2490 non
1573 2425 1702 2491 admissi
1723 2428 1810 2502 sunt,
1837 2425 1899 2489 uisi
1919 2444 2033 2490 nomen

334 2543 493 2625 proprium
515 2545 571 2607 aut
592 2543 798 2625 compositum
819 2545 921 2608 versui
942 2543 1165 2624 iniungendum
1187 2546 1266 2620 erat;
1294 2545 1400 2609 tamen
1422 2544 1504 2627 apud
1524 2543 1692 2609 Horatium
1713 2543 1926 2621 inveniuntur,
1948 2544 2033 2607 velut

334 2678 442 2724 versus
464 2679 500 2724 ex
520 2661 674 2725 industria
694 2660 787 2742 atque
808 2679 863 2742 per
883 2661 985 2727 iocum
1006 2662 1160 2743 quendam
1180 2660 1283 2726 faetus

786 2793 849 2843 non
871 2779 972 2862 quivis
994 2779 1079 2844 videt
1099 2780 1304 2844 immodulata
1325 2782 1469 2862 poemata
1489 2780 1589 2844 iudex.
2080 2849 2081 2852 Ἴ

336 2894 415 2960 Cum
437 2899 542 2961 autem
564 2896 673 2962 Graeci
693 2897 801 2977 poetae
823 2896 977 2961 clausulas
1003 2915 1149 2962 versuum
1171 2915 1293 2960 summa
1314 2915 1386 2961 oum
1408 2897 1568 2978 diligentia
1594 2897 1759 2978 fingerent,
1787 2895 1890 2960 Latini
1917 2897 1949 2960 in
1971 2897 2034 2979 pri·

335 3012 454 3096 misque
480 3015 627 3078 Horatius
660 3015 822 3096 tantopere
851 3032 902 3078 eas
935 3015 1188 3096 contempserunt
1213 3017 1250 3078 ut
1279 3014 1371 3078 etiam
1404 3016 1654 3098 monosyllabum
1680 3013 1809 3079 verbum
1839 3015 1872 3078 in
1900 3015 2034 3078 extremo

335 3150 427 3196 11111
447 3133 607 3214 ponerent,
629 3131 716 3196 velut

727 3251 834 3315 cantat
855 3251 887 3315 11
908 3250 1043 3332 apponit,
1066 3266 1153 3314 meus
1176 3251 1224 3313 est
1246 3267 1333 3314 amor
1354 3249 1426 3314 huic
1448 3248 1567 3329 similis,
1589 3269 1663 3315 nam

337 3368 369 3431 et
391 3368 534 3431 cantatus
556 3366 609 3430 1111

727 3483 907 3567 parturiunt
928 3487 1058 3562 mentm,
1080 3488 1226 3551 nascetur
1247 3485 1397 3550 ridiculus
1420 3503 1500 3551 mus.

337 3602 409 3668 Alia
432 3603 589 3669 clausulae
610 3603 669 3680 lex,
691 3604 728 3666 ut
748 3605 840 3668 verbo
862 3603 985 3684 integro
999 3622 1106 3669 versus
1129 3604 1265 3681 finiatur,
1287 3603 1320 3668 in
1335 3605 1513 3687 compositis
1527 3622 1751 3686 nonnunquam
1765 3605 1906 3684 neglecta
1921 3606 1978 3685 est,
2001 3608 2038 3668 ut

1035 3757 1077 3769 -
1098 3724 1147 3787 est
1166 3722 1254 3786 locus
1275 3723 1346 3787 uni-

837 3840 945 3922 cuique
967 3857 1051 3904 suus.

438 3955 592 4022 Differuut
614 3958 719 4021 autem
741 3956 852 4022 Horati
873 3976 981 4023 111111
1003 3959 1174 4023 hexametri
1195 3958 1414 4041 aVergilianis
1437 3962 1468 4024 et
1482 3959 1641 4024 Ouidianis
1664 3977 1707 4036 eo,
1730 3960 1813 4041 quod
1834 3962 1903 4024 arta
1923 3960 2038 4043 pedum

341 4070 554 4137 coniunctione
575 4075 717 4140 consulto
740 4076 771 4140 11
792 4077 858 4140 1111
880 4075 1012 4157 quadam
1028 4077 1143 4140 omissa
1158 4076 1322 4142 solutiores
1336 4077 1404 4142 ficti
1420 4079 1503 4156 sunt,
1526 4097 1596 4142 cum
1610 4077 1740 4160 Vergilii
1756 4096 1863 4143 versus
1883 4078 2040 4159 magnifici

341 4191 373 4253 11
399 4188 535 4270 quodam
560 4192 650 4255 modo
683 4191 892 4273 grandiloqui,
926 4191 1071 4258 Ouidiani
1096 4193 1262 4260 artificiose
1288 4213 1325 4259 ac
1351 4214 1473 4260 summa
1500 4214 1571 4260 oum
1592 4196 1752 4261 venustate
1781 4195 1945 4278 compositi
1967 4195 2040 4258 sint.

341 4303 409 4384 Quo
431 4309 530 4371 metro
553 4308 704 4389 dactylico
725 4312 817 4391 poeta
839 4310 987 4375 continuo
1008 4311 1042 4375 in
1064 4311 1167 4377 satiris
1190 4315 1222 4376 et
1243 4311 1386 4394 epistulis
1407 4314 1524 4390 utitur,
1552 4312 1681 4378 subinde
1708 4313 1740 4376 in
1767 4311 1968 4390 carminibus,
1997 4312 2041 4376 ita

341 4425 447 4489 tamen
467 4428 505 4489 ut
526 4425 666 4490 versibus
687 4427 872 4494 hexametris
895 4429 1025 4510 singulis
1048 4429 1186 4512 singulos
1208 4431 1286 4494 ahos
1309 4429 1484 4508 subiecerit,
1506 4449 1583 4513 quos
1605 4421 1882 4496 1111111111εῇ

442 4542 545 4624 Atque
566 4544 757 4622 hexametro,
788 4546 874 4610 cuius
896 4547 981 4629 leges
1003 4566 1039 4612 ac
1061 4547 1316 4630 compositionem
1337 4566 1430 4631 supra
1451 4547 1678 4624 enarravimus,
1706 4547 1887 4612 tetrameter
1908 4546 2041 4610 catalec-

343 4659 424 4722 ticus
446 4659 579 4738 additur,
612 4679 673 4743 quo
696 4662 828 4728 efficitur
850 4666 1011 4730 metrum
1033 4665 1277 4730 Alcmanium.
1324 4664 1384 4744 Qui
1405 4665 1586 4730 tetrameter
1613 4664 1664 4727 cui
1684 4682 1746 4728 non
1771 4666 1840 4728 1111
1865 4664 1956 4740 11111,
1989 4663 2044 4726 sed

345 4773 507 4840 dimidiata
529 4779 653 4844 tantum
675 4779 777 4858 abest,
806 4781 1003 4847 catalecticus
1026 4784 1059 4847 in
1080 4783 1156 4848 dues
1178 4784 1314 4864 syllabas
1341 4785 1470 4848 vocatur
1492 4784 1524 4846 et
1545 4799 1731 4863 quamquam
1758 4798 1822 4846 non
1843 4780 2043 4863 compositus,

346 4892 401 4956 sed
422 4912 484 4957 111
506 4895 644 4959 membro
667 4895 797 4980 simplex
818 4919 925 4965 versus
947 4919 1073 4966 caesura
1094 4901 1215 4984 proprie
1238 4903 1337 4978 earet,
1359 4903 1479 4978 tamen,
1502 4918 1574 4964 cum
1596 4899 1645 4963 est
1665 4899 1829 4963 adiunctus
1850 4897 2044 4973 hexametris,

346 5009 385 5074 ad
419 5027 526 5076 eorum
559 5011 795 5082 similitudinem
826 5021 898 5100 post
924 5017 1039 5084 thesim
1060 5019 1109 5084 vel
1130 5019 1163 5083 in
1185 5018 1247 5083 arsi
1268 5017 1355 5100 pedis
1377 5017 1464 5083 tertii
1485 5016 1668 5082 incisionem
1698 5017 1853 5097 quandam
1875 5017 1982 5093 habet,
2009 5016 2047 5077 ut

345 5126 427 5191 adeo
447 5127 598 5194 Horatius
619 5134 692 5213 post
713 5133 827 5199 thesim
849 5135 914 5200 eius
935 5136 1021 5219 pedis
1042 5137 1164 5200 hiatum
1185 5135 1345 5200 admiserit
1366 5134 1399 5198 in
1422 5153 1513 5199 versu

942 5254 1062 5319 ossibus
1085 5257 1117 5318 et
1138 5254 1232 5337 capiti
1253 5255 1267 5333 1
1288 5253 1457 5320 inhumato.
