4070 5942
998 343 1207 408 -15-

255 531 384 596 Versum
406 530 541 595 alterum
561 530 647 611 puris
668 526 780 594 iambis
802 528 1009 610 compositum
1032 546 1099 592 esse
1121 545 1156 590 ox
1179 527 1246 590 eius
1268 527 1367 591 forma
1388 527 1478 592 facile
1492 527 1664 609 intellegas.
1702 529 1785 594 Usus
1800 532 1850 595 est
1862 532 1953 613 poeta

251 648 284 712 in
306 649 393 730 epod.
417 649 465 714 16.

352 765 424 828 Alia
450 769 619 830 metrorum
645 762 887 847 compositorum
913 763 1009 840 ratio,
1037 781 1114 844 quae
1140 763 1202 842 iam
1223 762 1322 843 magis
1344 762 1451 826 metris
1474 762 1652 845 compositis
1673 766 1835 846 poetarum
1857 766 1952 829 comi-

252 902 358 948 corum
385 884 417 946 et
443 882 515 946 indo
541 883 738 964 antiquorum
764 880 963 945 metricorum
991 880 1028 944 de
1053 879 1091 943 iis
1121 879 1273 944 sententia
1298 879 1494 961 respondeat,
1522 881 1575 961 qui
1601 899 1637 944 ea
1663 900 1725 945 non
1751 901 1787 946 ex
1814 882 1952 947 versibus

251 1001 442 1065 diversorum
457 1017 614 1081 generum,
630 999 684 1063 sed
699 1018 735 1063 ex
749 997 896 1063 membris
912 999 1053 1062 constare
1068 996 1220 1074 dixerunt,
1236 996 1373 1062 invenias
1385 997 1419 1061 in
1433 997 1481 1060 his
1498 997 1605 1076 tribua,
1620 1017 1699 1080 quae
1714 1000 1753 1063 ab
1768 999 1952 1065 Archilocho

252 1118 318 1199 ipso
339 1135 452 1182 nomen
474 1117 641 1182 traxerunt.

352 1233 631 1298 Archilochium
653 1235 735 1298 enim
757 1232 954 1298 secundum
970 1235 1144 1298 constater
1163 1230 1303 1297 versibus
1318 1234 1495 1297 hexametro
1512 1238 1543 1299 11
1556 1235 1737 1316 iambelego.
1772 1235 1832 1314 Qui
1846 1254 1953 1300 versus

253 1343 372 1417 duobus
394 1353 538 1417 membris
559 1351 674 1434 pedum
697 1353 814 1432 generis
837 1351 924 1432 dupli
946 1353 978 1414 et
998 1351 1083 1432 paris
1106 1351 1153 1414 ast
1174 1350 1373 1432 compositus,
1401 1350 1531 1416 dimetro
1553 1352 1685 1416 iambico
1708 1354 1739 1417 et
1759 1353 1952 1418 hemistichio

252 1469 396 1551 elegiaco,
417 1470 500 1534 unde
521 1489 635 1535 nomon
655 1469 859 1549 iambelego
883 1469 910 1532 ei
931 1461 1066 1532 inditum
1088 1470 1144 1531 est.
1190 1467 1283 1532 Matri
1306 1469 1459 1551 exemplar
1481 1471 1542 1534 est:

747 1585 1451 1664 ssGCssC'Gx-sCCssC’usswssx,

745 1705 1422 1799 Ussum‘csso-sssw-aoc-

649 1821 774 1886 horrida
798 1823 968 1904 tempestas
990 1822 1111 1886 caelum
1133 1822 1286 1885 contraxit
1307 1822 1338 1886 et
1358 1822 1472 1887 imbres

649 1939 797 2021 nivesque
820 1939 976 2005 deducunt
997 1940 1112 2016 Iovem,
1135 1956 1218 2004 nunc
1238 1958 1331 2018 mare,
1354 1959 1436 2004 nunc
1458 1940 1564 2005 siluae.
1609 1941 1703 2023 Epod.
1728 1943 1777 2007 13.

250 2057 534 2124 Archilochium
555 2057 711 2122 tertium
733 2057 866 2121 efficitur
888 2057 1027 2122 trimetro
1049 2057 1181 2122 iambico
1203 2057 1373 2122 acatalecto
1396 2061 1427 2122 ec
1449 2057 1673 2140 elegiambo,
1696 2059 1750 2141 qui
1772 2077 1879 2124 versus
1906 2062 1954 2124 est
1982 2063 1984 2146 }

251 2177 339 2258 quasi
365 2174 538 2240 contrarius
564 2174 744 2256 iambelego.
798 2174 876 2239 Nam
905 2176 940 2238 ut
967 2173 1090 2240 constat
1116 2174 1228 2238 iisdem
1255 2175 1366 2256 quibus
1392 2176 1445 2240 illa
1467 2175 1628 2253 membris,
1655 2177 1700 2240 ita
1724 2175 1953 2240 hemistichium
1984 2207 1985 2224 ,

252 2294 420 2375 elegiacum
451 2293 656 2375 praemissum
682 2292 730 2356 est
755 2292 886 2357 dimetro
919 2291 1060 2358 iambico.
1109 2291 1211 2372 Igitur
1243 2292 1348 2370 metri,
1383 2312 1443 2375 quo
1477 2311 1552 2358 usus
1586 2296 1633 2358 est
1664 2295 1756 2376 poeta
1789 2293 1874 2376 epod.
1905 2295 1952 2370 11,

250 2412 349 2476 forma
370 2413 431 2476 est:

711 2766 807 2842 Petti,
828 2764 907 2828 nihil
928 2784 978 2828 me
1000 2766 1081 2829 siout
1102 2766 1194 2828 antea
1214 2765 1300 2830 iurat

710 2883 843 2948 scribere
865 2883 1031 2947 versiculos
1054 2901 1158 2948 amore
1179 2901 1359 2966 percussum
1382 2881 1477 2965 gravi.

252 3001 313 3080 Qui
335 3001 393 3065 duo
416 3019 538 3077 reisue,
565 3001 597 3064 et
617 2999 807 3081 iambelegus
830 3002 862 3065 et
884 2999 1082 3082 elegiambus
1110 3020 1300 3083 quamquam
1323 3001 1441 3065 duobus
1464 3001 1609 3065 membris
1631 3001 1794 3084 compositi
1816 3003 1890 3065 sunt
1910 3000 1956 3064 ita

251 3121 358 3183 tamen
382 3137 445 3184 non
474 3120 506 3188 111
527 3136 624 3182 unum
646 3119 837 3195 coaluerunt,
867 3117 920 3182 sed
942 3117 975 3182 in
998 3117 1074 3182 duas
1095 3122 1197 3200 partes
1220 3119 1357 3202 integras
1380 3120 1510 3184 seiuncti
1532 3119 1618 3195 111111,
1640 3119 1676 3182 ut
1696 3118 1815 3197 hiatus,
1837 3119 1956 3201 syllaba

252 3253 371 3317 anceps,
387 3235 531 3301 diaeresis
542 3238 692 3319 perpetua
708 3234 900 3314 admittatur,
916 3236 954 3300 cf.
971 3236 1058 3318 epod.
1076 3238 1124 3313 11,
1140 3256 1188 3300 vv.
1204 3236 1233 3314 6,
1250 3238 1279 3313 8,
1297 3239 1345 3314 10,
1362 3238 1411 3314 14,
1426 3237 1476 3314 24,
1491 3237 1542 3303 26.
1560 3237 1646 3319 epod.
1665 3239 1713 3314 13,
1730 3256 1778 3301 vv.
1794 3236 1823 3315 8,
1841 3239 1889 3313 10,
1904 3237 1954 3302 24.

353 3352 532 3431 Quartum
559 3354 689 3436 denique
714 3354 996 3418 Archilochium
1023 3355 1146 3419 constat
1170 3353 1309 3419 versibus
1337 3354 1533 3419 Archilochio
1560 3355 1674 3419 maiore
1709 3356 1740 3420 et
1771 3352 1956 3437 pentapodia

254 3469 387 3534 iambica
408 3472 667 3554 hypercataleota.
711 3471 827 3536 Versus
850 3475 954 3537 autom
975 3473 1058 3554 prior
1080 3473 1270 3553 compositus
1293 3475 1340 3536 est
1362 3489 1398 3535 ex
1419 3474 1600 3536 tetrametro
1622 3471 1774 3554 dactylico
1789 3471 1955 3536 acatalecto

253 3589 284 3651 et
304 3587 518 3670 ithyphallioo,
541 3588 571 3652 id
595 3590 642 3653 est
663 3588 796 3671 tripodis
817 3589 973 3654 trochaica
994 3588 1175 3654 acatalecta.
1217 3590 1329 3654 Forma
1351 3589 1451 3667 metri,
1474 3589 1556 3672 quod
1578 3589 1735 3654 invenitur
1756 3589 1820 3666 11,
1842 3589 1872 3666 4,
1895 3588 1955 3656 est:

714 3708 1479 3787 ss'tffissxssfffissousssussussu

854 3871 994 3890 ——v—
1043 3879 1082 3886 -—-
1131 3879 1169 3886 ..-

673 3943 804 4007 solvitur
826 3943 905 4008 acris
927 3943 1026 4008 hiems
1048 3944 1138 4025 grata
1158 3943 1223 4008 vico
1244 3944 1325 4008 veris
1348 3946 1380 4007 et
1400 3943 1517 4009 llarcni

673 4061 862 4142 trahuntque
884 4061 979 4125 siccas
1000 4060 1160 4125 machinae
1182 4061 1309 4124 carinas.

676 4464 850 4536 METRA
876 4465 1039 4536 MIXTA
1066 4465 1175 4536 SIVE
1201 4464 1525 4537 LOGAOEDIOA.

352 4645 506 4725 Quoniam
526 4647 622 4728 igitur
644 4648 682 4711 de
703 4645 810 4710 metris
832 4644 916 4728 puris
939 4647 971 4710 et
992 4648 1171 4729 compositis
1193 4647 1398 4729 exposuimus
1428 4648 1525 4711 restat
1546 4649 1584 4711 ut
1605 4646 1642 4712 de
1663 4647 1770 4710 metris
1792 4646 1897 4710 mixtis
1920 4664 1955 4709 ea

251 4765 400 4840 dicamus,
424 4784 501 4845 quae
524 4766 562 4829 ad
584 4765 754 4834 edocendos
775 4783 887 4847 pueros
910 4764 1074 4828 sufficiant.
1119 4764 1205 4843 Quae
1227 4767 1327 4829 metra
1347 4765 1416 4828 ideo
1439 4784 1457 4828 a
1479 4765 1586 4828 metris
1609 4764 1787 4846 compositis
1810 4763 1955 4826 distincta

252 4883 333 4958 sunt,
357 4881 437 4963 quod
459 4899 522 4946 non
542 4885 681 4947 membra
701 4901 779 4963 pura
801 4882 993 4946 diversorum
1008 4897 1157 4963 generum
1172 4881 1210 4946 iis
1225 4883 1389 4947 coniuncte
1404 4882 1501 4957 crant,
1525 4880 1578 4946 sed
1592 4881 1730 4947 membra
1744 4880 1811 4961 ipsa
1825 4880 1953 4962 pedihus

252 5000 443 5064 diversorum
470 5017 617 5078 generum
642 5002 836 5065 constabant.
882 5000 1096 5078 1111111111
1120 4998 1295 5064 1111111111
1318 5001 1400 5064 facta
1422 5001 1483 5075 111,
1512 5000 1595 5081 quod
1615 4999 1707 5082 pedes
1729 4998 1848 5078 generis
1871 4998 1953 5079 paris

250 5116 423 5182 irrationali
449 5114 546 5180 thesis
573 5117 603 5180 et
630 5118 707 5180 arsis
728 5118 847 5182 ratione
869 5117 1006 5182 adhibita
1027 5117 1156 5198 pedihus
1182 5118 1303 5199 generis
1333 5117 1418 5199 dupli
1445 5117 1570 5198 aequati
1597 5119 1698 5193 erant,
1724 5118 1760 5181 ut
1781 5133 1887 5180 versus
1909 5115 1955 5178 ita

251 5233 342 5298 mixti
363 5231 592 5314 aequabilitatis
615 5234 768 5315 quandam
791 5233 923 5317 speciem
944 5252 1017 5316 prae
1039 5233 1211 5299 1111111111.
1255 5234 1358 5316 Atque
1372 5236 1410 5298 ut
1425 5234 1567 5299 brevibus
1584 5235 1739 5316 explicem,
1762 5251 1823 5315 qua
1836 5232 1954 5298 ratione
