4452 5900
1031 401 1239 466 -20-
1368 458 1370 462 Ι

289 579 485 663 decasyllabo
507 583 721 665 compositum.
764 583 882 647 Versus
902 582 1178 665 hendecasyllahus
1201 587 1248 648 est
1261 583 1445 668 pentapodia
1459 585 1636 667 logaoedica
1651 590 1795 668 constans
1810 607 1846 654 ex
1861 589 1983 672 dipodia

286 698 446 763 trochaica
467 717 537 763 cum
559 699 701 764 anacrusi
733 701 765 763 et
785 699 984 764 Pherecrateo
1005 702 1104 781 primo
1131 699 1321 779 catalectico,
1355 719 1432 783 quae
1464 704 1602 768 membra
1630 719 1751 786 semper
1771 705 1834 770 fere
1855 705 1985 772 diaeresi

293 815 447 882 disiuncta
467 818 550 882 sunt.
593 817 709 883 Versus
730 817 826 897 igitur
848 817 1034 900 synartetus.
1080 817 1194 882 Versus
1215 819 1451 899 enncasyllabus
1477 820 1525 884 est
1546 819 1719 902 tetrapodia
1739 821 1894 886 trochaica
1915 841 1985 887 aca-

290 934 405 998 talecta
426 953 497 999 cum
518 933 670 1011 auacmsi,
694 935 909 1017 decasyllabus
930 933 1104 1017 tetrapodia
1125 934 1304 1016 logaoedica
1326 936 1504 1000 acatalecto.
1537 936 1692 1000 Numerus
1713 939 1805 1002 metri
1826 941 1882 1016 est,
1905 939 1985 1024 quod

292 1050 330 1115 ab
352 1052 415 1116 arsi
435 1051 473 1116 ad
495 1052 609 1117 thesim
630 1050 774 1134 insurgit,
796 1050 885 1117 fortis
907 1053 938 1116 et
960 1071 1036 1118 acer.
1387 1056 1389 1060 ’

390 1168 424 1252 2)
447 1167 673 1250 Sapphioum
694 1168 817 1233 minus
840 1171 888 1233 est
908 1186 1000 1233 versu
1020 1167 1171 1251 Sapphico
1193 1168 1310 1234 minore
1341 1170 1390 1233 ter
1421 1169 1551 1252 repetito
1575 1172 1606 1234 et
1627 1169 1749 1236 Adonio
1771 1172 1985 1254 compositum.

291 1285 408 1349 Versus
430 1283 600 1368 sapphicus
622 1285 722 1350 minor
743 1287 791 1350 θεὴ
811 1285 996 1369 pentapodia
1016 1285 1196 1367 logaoedica
1216 1287 1360 1349 constans
1376 1303 1413 1348 ex
1426 1285 1550 1367 dipodia
1564 1287 1718 1351 trochaica
1740 1290 1771 1352 et
1785 1288 1987 1353 Pherecrateo

291 1401 391 1484 primo
414 1402 591 1479 acatalecto,
614 1421 692 1484 quae
713 1403 851 1468 membra
873 1405 998 1485 exlege
1018 1402 1188 1468 hexametri
1210 1401 1355 1483 dactylici
1377 1402 1432 1466 aut
1446 1401 1664 1483 semiquinaria
1686 1421 1811 1468 caesura
1827 1407 1881 1469 aut
1896 1403 1989 1470 tertia

293 1518 450 1584 trochaica
470 1493 634 1584 coniuncta
657 1522 740 1584 sont.
783 1519 899 1584 Versus
926 1519 1022 1602 igitur
1054 1520 1241 1602 synartetus.
1285 1517 1400 1583 Versus
1423 1516 1565 1583 Adonim
1599 1520 1646 1584 est
1667 1519 1791 1603 dipodia
1811 1521 1990 1604 logaoediea

293 1635 462 1702 acatalecta
482 1635 639 1700 interdum
659 1636 708 1699 vel
731 1654 801 1700 cum
822 1635 1017 1718 praecedenti
1037 1653 1129 1700 versu
1150 1636 1306 1699 communi
1327 1636 1419 1700 verbo
1442 1635 1623 1701 continuata
1645 1639 1694 1702 vel
1718 1636 1806 1701 hiatu
1829 1637 1993 1702 disiuncta.

294 1753 450 1818 Numems
472 1751 564 1817 metri
587 1752 644 1831 est,
666 1752 749 1834 qnod
770 1771 789 1817 a
810 1753 891 1816 thesi
912 1753 951 1817 ad
973 1753 1067 1817 arsim
1088 1751 1252 1829 descendit,
1275 1753 1463 1834 tranquillus
1485 1771 1521 1817 ac
1542 1753 1654 1834 gravis

393 1868 616 1952 Sapphicum
637 1869 759 1932 maius
781 1869 828 1933 est
849 1869 989 1934 versibus
1010 1869 1213 1934 Pherecrates
1233 1868 1334 1951 primo
1356 1870 1524 1934 acatalecto
1546 1871 1577 1933 et
1599 1868 1749 1952 Sapphico
1770 1871 1886 1935 maiore
1907 1889 1994 1934 eom-

293 1987 440 2069 positum.
486 1987 601 2050 Versus
622 1986 837 2068 pherecrateus
859 1986 978 2068 primus
1000 1987 1186 2051 acamlectus
1208 1988 1256 2051 θεὴ
1276 1985 1410 2068 tripodis
1431 1985 1609 2068 logaoedica
1631 1985 1788 2069 dactylum
1808 1989 1907 2070 primo
1922 1989 1994 2053 loco

294 2105 419 2168 habens.
463 2101 633 2185 Sapphicus
654 2102 752 2166 maior
774 2103 821 2166 est
841 2102 1026 2185 heptapodia
1046 2101 1224 2184 logaoedica
1246 2105 1389 2166 constans
1412 2121 1447 2166 ex
1470 2101 1624 2185 Glycoueo
1646 2103 1739 2168 tertio
1761 2103 1939 2169 catalectico
1960 2107 1991 2169 et

295 2217 497 2284 Pherecrateo
519 2218 619 2302 primo
641 2218 817 2283 acatalecto.
860 2220 977 2284 Versus
999 2220 1195 2302 asyuartetus
1218 2237 1376 2284 caesuram
1396 2219 1505 2296 habet,
1537 2220 1573 2283 ut
1593 2219 1711 2296 minor,
1734 2220 1991 2302 semiquinariam.

394 2337 428 2419 3)
451 2335 721 2419 Asclepiades,
744 2354 873 2417 quorum
894 2338 1022 2414 numeri,
1044 2336 1126 2418 qnod
1148 2337 1287 2401 versibus
1309 2336 1495 2418 asynartetis
1517 2338 1670 2413 constant,
1693 2337 1838 2401 concitati
1857 2339 1888 2402 et
1901 2339 1995 2402 vehe-

295 2456 414 2518 mentes
437 2456 520 2517 snnt.
563 2451 847 2536 Asclepiadenm
868 2453 1029 2535 primum
1062 2455 1109 2518 est
1130 2453 1210 2526 binis
1241 2452 1291 2517 vel
1313 2453 1471 2534 quaternis
1492 2453 1630 2517 versibus
1654 2451 1861 2535 Asclepiadeis
1891 2454 1992 2518 mino·

295 2571 383 2635 ribus
405 2570 618 2650 compositum.
662 2571 779 2634 Versus
800 2570 1020 2652 Asclepiadeus
1042 2570 1142 2633 minor
1175 2571 1222 2633 est
1253 2568 1424 2651 hexapodia
1449 2568 1629 2649 logaoedica
1650 2570 1793 2633 constans
1816 2593 1851 2638 ex
1874 2571 1995 2637 duobus

296 2687 505 2752 Pherecreteis
528 2685 726 2763 catalecticis,
749 2687 845 2750 altero
860 2688 892 2750 et
906 2686 1016 2768 primo,
1039 2685 1076 2749 de
1090 2687 1159 2765 lege
1172 2686 1358 2767 pentametri
1375 2684 1518 2767 daetyhci
1538 2685 1667 2750 diaeresi
1682 2685 1846 2749 disiuncta.
1880 2683 1996 2747 Versus

296 2807 503 2886 asyuartetus.

396 2919 689 3002 Asclepiadeum
722 2918 888 2983 alterum
922 2919 969 2984 est
1000 2919 1139 2984 versibus
1173 2917 1329 3000 Glyconeo
1363 2917 1494 2983 secundo
1527 2917 1705 2983 catalectico
1738 2921 1769 2983 et
1795 2919 2001 3000 Asclepiaden

296 3039 413 3102 minore
435 3036 650 3119 compositum.
684 3035 800 3100 Versus
816 3034 991 3116 Glyconeus
1013 3038 1062 3099 est
1082 3034 1254 3116 tetrapodia
1274 3033 1452 3116 logaoedica
1466 3036 1598 3099 secundo
1614 3012 1681 3100 loco
1696 3035 1856 3118 dactylum
1869 3035 2002 3100 habens..
2101 3119 2105 3128 Ι

397 3152 689 3236 Asclepiadeum
721 3151 877 3218 tertium
909 3155 957 3216 est
988 3151 1126 3217 versibus
1158 3151 1360 3234 Asclepiadeo
1392 3152 1509 3216 minore
1541 3154 1590 3216 ter
1621 3153 1752 3234 repetito
1782 3155 1814 3217 θὴ
1840 3152 2000 3234 Glyconeo

301 3271 433 3337 secundo
456 3269 637 3335 catalectico
659 3271 863 3352 compositum
884 3270 925 3333 ad
946 3267 1180 3333 similitudinem
1202 3267 1293 3332 metri
1316 3265 1461 3351 Sapphici
1482 3266 1619 3333 minoris.

396 3387 684 3470 Asclepiadeum
705 3389 898 3468 quartum,
922 3385 1021 3450 simile
1042 3384 1170 3462 Alcaici,
1193 3387 1241 3449 est
1261 3385 1401 3449 versibus
1423 3383 1623 3467 Asclepiadeo
1645 3383 1832 3450 minorabis
1854 3386 1987 3469 repetito

296 3507 509 3582 Pherecrates,
531 3503 688 3586 Glyconeo
711 3504 927 3586 compositum.

398 3615 686 3702 Asclepiadenm
707 3621 881 3702 quintum
904 3619 968 3683 sive
989 3618 1089 3683 maius
1112 3621 1161 3684 est
1181 3637 1271 3683 versu
1294 3618 1494 3701 Asclepiadeo
1516 3619 1630 3682 maiore
1653 3618 1699 3690 bis
1721 3619 1771 3683 rel
1786 3621 1894 3700 quater
1908 3635 1997 3700 repe·

298 3739 357 3803 tito
380 3737 593 3821 compositum.
636 3737 752 3801 Versus
773 3735 994 3818 Asclepiadeos
1015 3736 1113 3800 maior
1135 3737 1182 3800 est
1197 3734 1359 3817 octapodia
1373 3733 1549 3818 logaoedica
1564 3736 1708 3800 constans
1726 3735 1866 3800 versibus
1880 3734 1998 3798 Phere-

298 3857 400 3920 crateo
423 3855 530 3932 altero,
553 3853 744 3931 choriambo,
767 3854 967 3918 Pherecrateo
990 3853 1097 3935 primo.
1141 3853 1257 3920 Versus
1279 3854 1484 3934 asyuartetus.

397 3972 433 4058 4)
455 3971 714 4037 Archilochia.
757 3950 1040 4034 Archilochium
1061 3971 1221 4053 primum
1254 3971 1301 4034 est
1323 3969 1462 4035 rersihus
1484 3969 1661 4052 dactylicis,
1693 3970 1871 4033 hexametro
1892 3970 1999 4032 acata-

300 4090 381 4155 lecto
403 4093 435 4156 et
455 4091 598 4154 trimetro
619 4087 885 4170 brachycatalecto
908 4088 1121 4170 compositum.
1164 4087 1350 4151 Hexameter
1373 4087 1545 4168 dactylicus
1575 4086 1762 4150 acatalectus
1784 4104 1855 4149 cum
1878 4084 1996 4149 constet

300 4226 337 4272 ex
360 4207 479 4272 duobus
501 4205 649 4270 trimetris
672 4204 832 4287 dactylicis
855 4203 1041 4280 acatalectis,
1064 4221 1171 4268 versus
1194 4205 1242 4268 est
1263 4206 1452 4286 synartetus.

400 4322 685 4388 Archilochium
707 4323 883 4403 quartum
906 4323 955 4385 eet
975 4320 1113 4385 versibus
1135 4318 1329 4385 Archilochio
1350 4321 1466 4385 maiore
1487 4323 1519 4384 et
1533 4319 1717 4402 pentapodia
1731 4318 1863 4402 iambica
1883 4315 1995 4400 hyper-

301 4441 451 4506 catalecta
483 4438 699 4522 compositum.
754 4437 868 4502 Versus
901 4436 1116 4504 Archilochius
1148 4438 1246 4502 maior
1277 4439 1399 4503 constat
1424 4439 1605 4502 tetrametro
1637 4436 1787 4518 dactylico
1810 4436 1842 4500 et
1862 4435 1996 4518 tripodis

300 4557 456 4623 trochaica
478 4558 541 4622 sire
562 4556 778 4639 Ithyphalhco.

401 4674 436 4758 5)
460 4674 699 4739 Alcmanium
721 4674 769 4737 est
789 4672 928 4736 versibus
951 4671 1111 4754 dactylicis
1132 4673 1311 4737 hexametro
1344 4672 1513 4736 acatalecto
1546 4673 1577 4735 et
1610 4671 1790 4735 tetrametro
1817 4666 1997 4734 catalectico

302 4791 517 4874 compositum.
1291 4775 1302 4797 ⁸

403 4907 437 4990 6)
459 4907 763 4989 Hipponacteum
785 4908 831 4972 est
852 4906 992 4972 versibus
1013 4905 1201 4973 catalecticis
1223 4906 1355 4971 dimetro
1377 4904 1532 4970 trochaico
1555 4906 1587 4970 et
1607 4904 1745 4970 trimetro
1767 4895 1897 4968 iambico
1912 4918 2000 4965 com·

302 5025 448 5109 positum.

404 5141 437 5225 7)
458 5141 624 5206 Ionicum
646 5161 665 5206 a
686 5140 823 5206 minori
845 5141 894 5205 θεὴ
908 5140 1045 5206 versibus
1060 5141 1167 5206 ionicis
1182 5141 1360 5205 tetrametro
1375 5139 1424 5205 his
1438 5138 1570 5223 repetito
1590 5143 1622 5205 et
1636 5139 1766 5206 dimeho
1781 5136 2007 5220 compositum..

882 5473 1417 5528 ...φφ-ῳ.-
