4452 5900
1075 349 1282 416 ..13-

326 534 427 618 primo
448 535 516 601 loco
537 534 587 601 hio
609 535 742 600 tractare
762 533 853 600 nobis
873 534 975 600 liceat.
1019 532 1080 614 Qui
1100 552 1208 600 versus
1230 551 1301 598 oum
1322 533 1405 617 apud
1427 532 1560 600 tiramus
1582 535 1681 600 tribus
1703 535 1745 601 sit
1762 536 1868 601 metris
1884 535 1929 601 sic
1943 554 2027 601 com·

325 655 456 738 positus,
478 655 516 718 ut
536 653 600 718 bini
620 651 713 736 pedes
734 670 795 717 uno
814 653 880 718 ictu
893 650 1039 735 primario
1054 652 1275 729 contineantur,
1297 651 1330 716 in
1344 649 1525 716 Latinorum
1543 651 1730 718 carminibus
1745 653 1874 735 singulis
1889 653 2026 736 pedibus,

327 790 405 853 quae
425 789 486 837 uno
508 770 571 836 fere
591 771 655 835 iotu
677 770 834 835 communi
846 768 1134 854 pronuntiabantur,
1157 770 1206 834 cst
1219 767 1419 847 constitutus,
1440 770 1478 834 ut
1498 769 1563 834 iure
1578 770 1661 852 apud
1676 789 1728 836 eos
1751 771 1895 836 senarii
1916 789 2026 836 nomen
2065 785 2066 788 ’

327 889 486 972 acceperit.
535 887 603 968 Quo
635 888 752 952 factum
784 888 844 966 est,
877 889 1003 952 utnon
1030 885 1131 952 solum
1157 885 1252 952 iambi
1276 886 1385 970 primi,
1420 886 1518 966 tertii,
1551 886 1652 969 quinti
1678 887 1765 970 pedis
1792 888 1861 953 aliis
1887 905 1965 970 qnae
1989 887 2028 952 iis

327 1007 548 1090 responderent
561 1007 700 1089 pedibus,
721 1005 856 1083 trihrevi,
874 1005 1018 1088 spondeo,
1039 1005 1172 1087 dactylo,
1187 1008 1365 1088 anapaesto,
1381 1005 1565 1070 commutari
1578 1007 1716 1088 possent,
1731 1006 1893 1072 sedetiam
1908 1006 2029 1090 praeter

327 1123 438 1208 pedem
458 1125 606 1190 ultimum
619 1123 761 1189 trihrevis
776 1124 808 1188 et
822 1125 1009 1206 anapaestus
1031 1122 1165 1188 secundo
1188 1125 1220 1188 et
1239 1125 1350 1205 quarto
1365 1123 1433 1187 locu
1449 1123 1720 1189 substituerentur.
1727 1123 1758 1206 *1
1802 1123 1904 1204 Quam
1918 1121 2029 1190 senarii

330 1241 510 1307 solutionem
532 1241 664 1306 formam
686 1243 724 1306 ab
746 1240 969 1322 antiquioribus
983 1239 1167 1306 Latinorum
1188 1239 1287 1324 poetis
1301 1241 1490 1323 usurpatam,
1511 1244 1676 1324 postquam
1691 1241 1833 1307 Catullus
1848 1241 2028 1307 ιιιιιιοιιιιι

330 1358 516 1425 Graecorum
536 1376 653 1424 morem
675 1359 800 1424 secutus
822 1361 879 1436 est,
901 1357 1048 1423 Horatius
1070 1359 1115 1423 ita
1135 1357 1272 1438 retinuit,
1294 1360 1332 1424 ut
1351 1358 1487 1442 exeeptis
1507 1359 1638 1441 pedibus
1659 1359 1794 1443 paribus,
1816 1358 1928 1441 quibus
1950 1377 2029 1422 ιιιιιι-

329 1494 422 1558 quam
437 1477 597 1559 spondeos,
612 1495 680 1541 raro
695 1477 788 1558 pedes
803 1475 960 1553 trihreves,
976 1477 1008 1541 et
1021 1475 1142 1557 quinto,
1157 1494 1218 1558 quo
1233 1476 1386 1558 spondeos
1401 1480 1433 1541 et
1448 1479 1495 1540 ter
1510 1479 1691 1559 anapaestos
1706 1477 1841 1554 admisit,
1857 1475 2030 1558 antiquiore

307 1684 308 1688 ¹
329 1594 471 1660 libertate
491 1595 646 1660 interdum
668 1611 743 1659 usus
765 1593 815 1658 sit.
860 1591 1011 1658 (laesurae
1030 1595 1067 1658 ut
1081 1611 1189 1658 versus
1211 1592 1380 1659 hexametri
1402 1597 1477 1659 sunt
1491 1594 1711 1677 semiquinaria
1725 1597 1758 1660 et
1771 1594 2030 1677 semiseptenaria,

331 1712 367 1774 ut
388 1710 429 1776 ιιι
450 1711 543 1776 huius
564 1731 673 1777 versus
695 1713 849 1793 exemplar

843 1832 1220 1911 *fa-'vcwvl-
1234 1831 1514 1911 l--ss'
1485 1902 1522 1910 -

898 1947 957 2013 ibis
980 1947 1123 2014 Liburnis
1144 1947 1226 2013 iuter
1247 1949 1311 2013 alta
1331 1949 1467 2015 navium.

332 2059 502 2147 Nunquam
527 2065 667 2131 autem
658 2084 691 2130 ιιι
711 2066 823 2133 Horati
848 2065 998 2132 trimetris
1024 2067 1164 2132 iambicis
1186 2084 1314 2132 caesura
1336 2065 1452 2132 omissa
1474 2066 1589 2144 estut
1609 2064 1796 2132 interdum
1786 2084 1819 2128 m
1842 2063 2032 2130 Graecorum
2082 2055 2083 2058 ’

332 2182 486 2262 versibus,
513 2185 596 2266 quod
622 2202 729 2250 uersus
757 2202 792 2249 ca
813 2183 961 2250 incisione
985 2186 1017 2250 in
1043 2185 1120 2250 duas
1145 2186 1250 2268 partes
1276 2183 1340 2250 sive
1372 2185 1511 2250 membra
1543 2183 1727 2251 distributus
1760 2183 1881 2265 gratam
1911 2183 2033 2248 numeri

333 2301 532 2366 variationem
553 2304 697 2385 praebere
717 2301 804 2368 visus
826 2306 884 2369 est.
927 2301 994 2382 Quo
1016 2303 1156 2368 trimetro
1179 2303 1244 2368 solo
1266 2301 1368 2367 utitur
1387 2304 1481 2386 poeta
1500 2302 1533 2366 iu
1554 2321 1617 2367 uua
1638 2300 1724 2384 epod.
1749 2297 1798 2367 ll.

435 2418 530 2484 Aliud
551 2423 656 2485 autem
677 2422 812 2486 metrum
834 2420 1000 2486 iambicum
1020 2421 1053 2485 in
1076 2420 1181 2485 decem
1201 2419 1310 2502 primis
1333 2420 1438 2503 epodis
1460 2420 1547 2486 uobis
1569 2419 1712 2500 occurrit,
1733 2419 1816 2500 quod
1837 2419 1958 2485 constat
1978 2419 2034 2483 tri·
2087 2419 2090 2506 1

335 2538 444 2614 metro,
467 2555 559 2618 quem
580 2539 671 2603 modo
695 2532 914 2616 enarravimus,
938 2540 969 2604 ιι
954 2537 1087 2603 ιιιιιιιιι
1074 2540 1121 2602 tro
1144 2536 1275 2602 iambico
1297 2539 1449 2603 amtalect
1450 2557 1477 2618 o,
1434 2537 1586 2602 tcuius
1608 2537 1763 2620 exemplar
1785 2537 1832 2600 est
2088 2509 2091 2600 1

1042 2718 1330 2740 ..η-υ--υ--υ
1346 2727 1384 2736 ...-

997 2776 1104 2856 amiee,
1125 2775 1366 2862 propugnacula.

336 2888 499 2955 Troohaeis
528 2893 560 2956 et
580 2890 691 2956 iambis
714 2892 920 2976 compositum
942 2896 990 2960 est
1009 2898 1170 2962 metrum
1191 2894 1405 2977 Hipponact
1413 2910 1506 2970 eum,
1533 2890 1616 2973 quod
1638 2889 1766 2955 alternis
1787 2888 1928 2954 versibus
1950 2891 2035 2954 cata-

336 3008 468 3087 lectieis,
497 3008 627 3074 dimetro
654 3010 809 3076 trochaico
837 3014 869 3077 et
889 3012 1031 3079 trimetro
1053 3013 1184 3079 iambico
1207 3014 1341 3078 constat.
1386 3009 1525 3090 Quorum
1545 3008 1630 3090 prior
1651 3026 1758 3074 versus
1779 3008 1817 3072 ut
1838 3008 1886 3071 ιιι
1907 3000 2037 3089 simplex

337 3141 463 3189 caesura
492 3128 590 3204 caret,
619 3128 698 3194 alter
724 3148 761 3194 ιιι
790 3129 909 3196 duobus
936 3132 1083 3196 memhris
1109 3131 1291 3196 coniunctus
1315 3146 1474 3194 caesuram
1496 3124 1748 3208 semiquinariam
1769 3125 1871 3190 hahet
1915 3122 2036 3207 Species

336 3241 433 3322 igitur
455 3244 627 3310 metricat:

930 3516 1088 3548 ιιι-να.
1111 3487 1389 3565 υ].ι.υ.’.ν.’.
1412 3526 1451 3566 ν,

980 3623 1043 3669 non
1064 3605 1140 3669 ebur
1160 3621 1257 3686 neque
1278 3619 1406 3666 aureum

359 3802 360 3808 ¹
921 3739 990 3786 mea
1011 3721 1130 3786 renidet
1150 3721 1183 3785 in
1205 3720 1296 3784 domo
1317 3720 1451 3784 lacunar.

339 3826 461 3897 Nomen
483 3831 578 3900 traxit
598 3833 635 3900 ab
658 3835 858 3920 Hipponacte,
880 3841 971 3922 poeta
992 3838 1142 3904 maledico
1164 3837 1297 3920 llphesio
1320 3854 1398 3902 saec.
1422 3834 1466 3900 Vl
1487 3853 1515 3899 a.
1538 3833 1609 3898 Chr.
1631 3852 1662 3897 n.
1683 3829 1789 3898 Inven.
1811 3829 1852 3909 Il,
1876 3831 1925 3897 18.

439 3951 524 4016 Haeo
544 3951 671 4034 quidem
690 3957 792 4020 metra
811 3974 895 4038 pura
909 3955 1024 4039 pedum
1045 3956 1166 4038 generis
1189 3955 1275 4038 dupli
1297 3953 1381 4037 apud
1402 3951 1568 4018 Horatium
1586 3947 1800 4026 inveniuntur;
1822 3947 1943 4031 quibus,
1965 3961 2037 4010 cum

340 4064 516 4147 temporum
535 4068 630 4150 ratio,
657 4090 736 4153 quae
760 4072 841 4137 inter
861 4073 947 4156 pedis
969 4076 1073 4157 partes
1095 4075 1152 4151 est,
1179 4089 1368 4154 quamquam
1389 4067 1556 4153 duphoata,
1577 4071 1684 4133 tamen
1705 4066 1747 4131 sit
1769 4065 1884 4144 eadem,
1907 4062 2037 4130 subinde

339 4181 412 4246 addi
437 4183 530 4250 hceat
554 4185 762 4255 ionicorum
788 4192 942 4257 metrum
968 4209 987 4256 a
1011 4193 1103 4274 poeta
1129 4190 1225 4255 semel
1250 4189 1290 4254 ad
1316 4206 1440 4254 carmen
1466 4181 1660 4270 condendum
1686 4183 1874 4262 adhibitum,
1900 4180 1957 4259 III,
1987 4180 2035 4245 12.

340 4297 432 4378 Quod
457 4305 594 4369 metrum
622 4307 699 4373 satis
725 4307 879 4392 prolixum
906 4313 937 4374 et
964 4307 1058 4374 molle
1079 4308 1117 4374 ah
1138 4308 1250 4373 Ionum
1273 4306 1411 4372 moribus
1437 4305 1482 4371 ita
1502 4291 1697 4370 nominatum
1717 4319 1784 4366 esse
1805 4301 1924 4365 veteres
1946 4298 1984 4363 de
2004 4315 2037 4362 re

339 4416 469 4484 metrica
489 4421 655 4506 scriptores
676 4425 821 4509 produnt.
865 4425 909 4492 of.
932 4425 1009 4492 Mar.
1031 4425 1180 4492 Victorii.
1203 4425 1244 4503 II,
1266 4426 1296 4503 8,
1319 4425 1355 4490 7:
1387 4424 1496 4505 Itaque
1517 4420 1679 4506 praecipue
1699 4418 1808 4484 ionicis
1829 4435 1849 4481 a
1869 4416 1986 4481 minore
2004 4414 2038 4478 in

339 4536 452 4604 fabulis
475 4540 600 4607 Graecis
621 4541 684 4608 iere
705 4542 851 4609 mulieres
866 4544 990 4609 utentes
1003 4543 1144 4610 iecerunt
1158 4545 1276 4627 poetae,
1298 4559 1369 4606 cum
1383 4539 1538 4624 supplices
1551 4537 1756 4622 precabantur
1770 4537 1838 4614 etc,
1859 4531 1909 4598 vel
1923 4532 2036 4596 amoris

341 4653 466 4723 delicati
485 4660 569 4726 mala
591 4659 761 4727 effeminate
783 4662 998 4744 querebantur,
1019 4664 1058 4726 ut
1077 4660 1161 4745 apud
1181 4660 1330 4726 Alcaeum
1351 4659 1432 4725 illud
1453 4659 1502 4724 est

440 4926 560 4996 *.)Adn
594 4927 688 4984 Anon.
710 4943 755 5000 ap.
772 4925 900 4985 Eichenl.
919 4934 948 4985 et
964 4925 1101 4997 Eudlich,
1123 4927 1197 4983 anal.
1218 4942 1336 4998 gramm.
1358 4943 1385 4997 p.
1402 4926 1465 4981 521:
1492 4917 1662 4995 „iambicum
1683 4923 1803 4976 metrum
1824 4932 1841 4973 ι
1861 4901 2037 4973 monometro

339 5008 571 5081 hypercatalecto
593 5028 685 5082 usque
707 5013 736 5068 in
759 5017 945 5070 octamatrum
967 5012 1155 5068 acatalectam
1176 5011 1255 5068 Juba
1275 5015 1348 5068 teste
1370 5008 1508 5080 procedit
1541 5005 1656 5076 Recipit
1677 5008 1772 5060 autem
1793 5001 1881 5072 pedes
1903 5000 2036 5069 quinque,

340 5094 473 5166 iambum,
490 5095 666 5167 tribrachyn,
684 5099 850 5169 spondeum,
869 5097 1021 5167 dactylum,
1039 5099 1236 5167 anapaestum,
1253 5094 1305 5152 sed
1321 5092 1393 5150 locis
1411 5091 1594 5164 imparibus
1586 5108 1604 5145 1
1616 5105 1640 5145 c
1657 5089 1758 5158 primo,
1775 5085 1870 5154 tertio,
1889 5083 1990 5153 quinto
2009 5087 2038 5136 et

340 5177 474 5249 deinceps
493 5195 591 5236 omnes
608 5197 681 5251 quos
699 5181 822 5238 diximus
840 5181 1034 5236 indifferenter
1052 5180 1174 5250 suscipit
1189 5179 1285 5249 pedes.
1314 5177 1399 5233 Locis
1416 5191 1487 5231 vero
1505 5174 1674 5245 paribus-
1641 5174 1801 5226 -tautum
1818 5173 1885 5237 tres,
1904 5167 2037 5234 iambum,

340 5262 504 5335 tribrachyn
522 5267 551 5320 et
568 5269 764 5335 anapaestum.
798 5264 837 5320 Et
853 5265 908 5321 hoc
926 5280 1024 5322 omnes
1042 5263 1110 5332 fere,
1129 5264 1179 5332 qui
1197 5262 1350 5334 diligenter
1367 5259 1489 5318 iambico
1507 5259 1552 5315 usi
1570 5261 1644 5326 sunt,
1662 5251 1904 5312 custodivemnt”
