4452 5900
804 1771 806 1775 ’
942 1767 1349 1910 inducam.

400 2090 487 2165 Cum
512 2111 584 2163 non
608 2087 743 2163 invitus
769 2086 916 2161 tertium
941 2086 1286 2178 programmatarins
1314 2085 1525 2178 extitissem,
1552 2084 1633 2156 aliis
1659 2083 1746 2156 meis
1773 2083 1901 2157 studiis
1927 2083 1992 2157 ali·
2059 2083 2061 2160 ξ

300 2249 471 2336 qnantum
491 2241 661 2332 temporis
679 2237 815 2312 omissis
833 2243 949 2310 metra
965 2238 1169 2312 Horatiana
1195 2239 1233 2311 in
1258 2258 1448 2329 puerorum
1468 2256 1571 2309 nsum
1588 2237 1823 2310 describenda
1841 2237 1991 2327 suscepi.

300 2395 392 2467 Nam
416 2397 563 2482 praeter
587 2392 633 2463 H.
658 2388 823 2463 schilleri
848 2388 1006 2462 libellum
1031 2387 1157 2480 lingua
1183 2387 1399 2462 Germanica
1426 2387 1656 2477 compositum
1682 2388 1885 2460 nnllnsdum
1910 2388 1995 2459 mihi
2064 2407 2065 2414 ³

299 2545 391 2617 liber
413 2542 581 2635 occurrit,
609 2563 677 2633 qno
695 2545 825 2632 poetae
842 2539 996 2612 Romani
1016 2543 1132 2611 metra
1150 2561 1196 2614 ex
1213 2541 1257 2612 R.
1277 2539 1493 2629 Westphalii
1514 2544 1550 2610 et
1566 2537 1620 2609 W.
1643 2537 1789 2610 Christii
1807 2491 1994 2611 sententiis
2067 2631 2069 2638 k

301 2695 465 2785 exposita
496 2694 581 2785 sint,
615 2697 658 2765 nt
685 2693 728 2764 A.
756 2691 939 2782 Kiessling
969 2691 1134 2765 triuiales
1160 2691 1293 2762 Horati
1324 2688 1594 2762 commentarios
1625 2689 1790 2762 absurdis
1822 2709 1865 2760 ae
1892 2689 1994 2761 falsis

300 2851 463 2919 veterum
494 2841 723 2914 metricorum
754 2841 959 2913 commentis
998 2839 1152 2913 refertos
1189 2861 1266 2912 esse
1297 2847 1479 2933 queratur.
1537 2841 1661 2931 Neque
1690 2840 1833 2912 iniuria.
1896 2840 1995 2924 Quae

301 2993 394 3067 enim
421 2994 467 3066 ad
494 2993 701 3066 enarranda
729 2991 925 3064 carminum
949 2996 1065 3063 metra
1092 2991 1294 3064 attulerunt
1323 2990 1377 3062 illi
1403 2991 1573 3084 editores,
1605 3011 1720 3082 neque
1750 2990 1890 3081 legibus
1916 3009 1996 3062 ver·

301 3165 402 3218 snum
426 3143 715 3235 logaoedicorum
740 3142 958 3233 respondent
990 3148 1026 3215 et
1056 3163 1229 3233 persaepe
1259 3141 1313 3214 ita
1341 3141 1437 3214 inter
1467 3162 1505 3213 se
1542 3140 1691 3214 confusa
1722 3147 1759 3213 et
1787 3141 1997 3214 intermixta
2074 3117 2077 3166 ³

303 3300 395 3387 sunt,
422 3300 464 3367 ut
489 3294 551 3368 vix
576 3315 745 3386 magnum
771 3295 864 3386 qnod
890 3292 1034 3364 intersit
1052 3293 1242 3364 discrimen
1266 3293 1363 3364 inter
1380 3300 1495 3364 metra
1520 3312 1623 3384 pura,
1652 3292 1857 3386 composita,
1884 3293 1997 3365 mixta

302 3443 461 3532 apneris
480 3443 721 3533 dignoscatur.
764 3443 972 3534 Quicunque
989 3441 1102 3533 igitur
1119 3463 1234 3515 meum
1252 3443 1459 3534 opuseulum
1476 3441 1620 3535 legeris,
1648 3464 1703 3514 me
1720 3443 1761 3516 in
1778 3463 1998 3534 puerorum

301 3613 419 3666 usum
450 3593 634 3684 scripsisse
669 3599 777 3685 atque
811 3592 848 3664 id
881 3590 1101 3683 potissimum
1132 3592 1248 3685 egisse
1278 3599 1466 3686 memento,
1497 3599 1539 3666 nt
1563 3599 1691 3684 poetae
1719 3595 1879 3666 carmina
1905 3596 1998 3685 quod
2081 3577 2082 3580 ¹

303 3747 350 3818 ad
387 3745 537 3817 formam
576 3765 698 3817 eorum
735 3743 918 3835 pertineat
955 3743 1097 3834 planius
1136 3766 1159 3816 a
1197 3745 1318 3835 pneris
1356 3745 1626 3836 intellegantur.
1687 3747 1731 3816 In
1770 3765 1839 3836 que
1874 3747 1998 3818 labore

302 3896 591 3986 praetermittere
621 3916 692 3967 non
722 3894 837 3986 potui,
869 3894 954 3986 quin
985 3895 1144 3986 singulos
1175 3896 1402 3987 antiquorum
1432 3896 1661 3970 metricorum
1694 3896 1887 3986 praecipue
1917 3895 1999 3967 lati-

301 4065 428 4118 norum
453 4046 562 4137 locos,
589 4044 718 4136 quippe
745 4045 805 4137 qui
832 4046 875 4115 de
901 4049 1009 4134 poeta
1034 4044 1148 4117 latino
1176 4047 1374 4138 scripturus
1403 4068 1525 4141 essem,
1554 4047 1713 4154 citarem,
1744 4068 1815 4118 nen
1842 4066 1911 4138 quo
1939 4066 1998 4117 ees

301 4194 421 4285 pueris
447 4193 529 4267 usui
554 4193 631 4266 fare
651 4196 845 4288 crederem,
872 4197 937 4268 sed
955 4195 1039 4288 quia
1058 4217 1180 4270 eorum
1196 4200 1309 4272 verba
1327 4197 1452 4272 melius
1473 4197 1558 4270 mihi
1576 4219 1620 4270 ac
1638 4197 1783 4272 brevius
1804 4197 1998 4288 composita

303 4365 382 4417 esse
408 4345 627 4419 videbantur
653 4348 718 4417 aut
744 4346 791 4417 ad
816 4347 1033 4419 illustranda
1058 4367 1137 4419 mea
1163 4349 1274 4438 ipsius
1299 4351 1413 4424 verba
1439 4355 1526 4439 apta
1540 4352 1731 4440 putabam.
