4452 5900
1058 315 1266 406 412...

310 521 435 607 Dactyli
456 523 571 608 pedum
592 523 723 590 duorum
744 522 891 608 priorum,
913 525 950 589 ut
971 524 1088 608 dactyli
1108 543 1215 591 versus
1245 523 1419 590 hexametri
1445 529 1595 608 quattuor
1619 525 1728 610 primi,
1757 526 1901 612 spondeis
1927 543 2011 592 com-

241 711 244 718 ,
308 643 425 709 mutari
446 645 587 726 possunt,
609 645 647 708 ut
668 660 775 715 versus
798 641 954 726 exemplar
975 643 1017 708 sit

916 775 958 806 .ι.
971 781 1024 825 π
1034 774 1076 806 Δ,
1089 781 1140 825 53
1150 775 1193 807 ,ι-
1205 761 1221 841 s
1232 791 1252 812 υ
1262 761 1278 841 f
1291 793 1310 813 υ
1323 775 1366 808 ,3.
1379 783 1417 826 ῑ

912 877 1101 963 percurrisse
1121 881 1230 962 polum
1250 881 1411 945 morituro.

311 993 412 1063 Semel
433 997 466 1061 iu
487 995 613 1062 nomine
633 996 756 1079 proprio
777 996 890 1062 tertius
912 1015 1034 1079 quoque
1055 1015 1109 1080 pes
1132 997 1285 1080 spondeus
1307 999 1364 1076 est,
1385 998 1422 1062 ut

903 1133 1075 1180 mensorem
1098 1114 1251 1195 cohibent,
1272 1114 1420 1198 Archyta.

309 1229 441 1296 Constat
454 1230 552 1312 igitur
564 1232 700 1296 metrum
715 1231 912 1296 Alcmanium
934 1251 970 1297 ex
992 1231 1112 1297 duobus
1126 1232 1266 1299 versibus
1288 1231 1461 1314 dactyIIcis,
1483 1234 1660 1298 hexametro
1674 1232 1844 1298 acatalecto
1866 1234 1898 1297 et
1913 1234 2010 1298 tetra-

308 1349 407 1413 metro
435 1348 614 1413 catalectIco
642 1347 677 1413 iu
702 1347 900 1431 disyllabum.
944 1347 1011 1428 Quo
1037 1351 1136 1415 metro
1162 1367 1238 1415 usus
1264 1352 1314 1414 est
1340 1352 1433 1432 poeta
1458 1368 1484 1414 c.
1506 1350 1530 1427 I,
1553 1349 1582 1415 i.
1604 1352 1654 1416 28.
1685 1350 1773 1433 epod.
1797 1351 1845 1416 12.
1892 1349 2012 1415 Nomen

309 1467 397 1531 duxit
418 1468 457 1533 ab
479 1466 629 1532 Alcmene
650 1466 901 1532 Lacedaemonio.

409 1583 595 1649 Hexemetro
612 1603 682 1649 cum
695 1583 874 1666 adiungitur
888 1602 996 1650 versus
1011 1584 1151 1650 trImeter
1166 1583 1363 1650 catalecticus
1379 1585 1443 1650 sive
1454 1584 1669 1651 Archilochius
1681 1585 1790 1662 miuor,
1805 1584 1842 1650 lit
1855 1588 2013 1651 metrum

309 1701 592 1774 Archilochium
619 1702 645 1767 1.
687 1701 792 1785 Atque
816 1704 866 1768 est
892 1701 1106 1768 Archilochius
1134 1702 1236 1768 minor
1261 1702 1495 1769 hemistichium
1515 1702 1701 1786 pentametri
1722 1703 1870 1782 alterum,
1899 1705 1937 1768 ut
1957 1721 2013 1785 pro

310 1819 442 1903 dactylis
464 1818 592 1904 spondei
613 1817 761 1886 substitui
781 1837 846 1886 nen
866 1823 991 1902 queant.
1036 1819 1131 1886 Cuius
1153 1822 1308 1905 exemplar
1329 1823 1378 1887 est

993 2058 1198 2140 uberibusque
1220 2076 1332 2124 comae.

310 2173 432 2242 Nomen
464 2175 552 2240 duxit
581 2191 645 2240 non
671 2173 773 2239 solum
802 2193 924 2253 versus,
957 2175 1012 2240 sed
1037 2176 1132 2240 etiam
1158 2177 1261 2242 totum
1288 2177 1423 2241 metrum
1449 2177 1487 2241 ab
1514 2176 1699 2241 Archilocho
1728 2174 1820 2240 Pario
1849 2172 1924 2241 VIII
1950 2173 2013 2241 fere

311 2313 338 2360 a.
362 2283 487 2358 Chrssn.
509 2291 633 2370 saeculi,
656 2291 709 2373 qui
731 2310 803 2383 cum
824 2293 906 2358 inter
926 2290 1081 2376 principes
1103 2294 1285 2376 Lyricorum
1307 2293 1493 2360 Graecorum
1515 2294 1554 2358 ab
1576 2294 1718 2359 omnibus
1738 2293 1918 2372 habebatur,
1944 2295 2014 2357 tum

310 2412 428 2496 primus
450 2427 513 2476 non
534 2410 730 2492 acquescens
751 2410 784 2473 ln
805 2408 1027 2476 vetustioribus
1048 2413 1210 2494 poetarum
1230 2411 1380 2490 versibus,
1401 2411 1577 2477 hexametro
1593 2413 1624 2476 et
1637 2414 1840 2494 pentametro,
1863 2429 2014 2476 novorum

312 2531 483 2594 metrorum
505 2545 709 2609 versuumque
730 2526 780 2594 vel
802 2546 839 2592 ex
860 2546 969 2610 genere
990 2529 1058 2612 pari
1080 2529 1129 2594 rel
1150 2548 1187 2594 ex
1208 2547 1320 2611 genere
1341 2529 1408 2612 pari
1430 2532 1461 2594 et
1483 2529 1578 2612 duplo
1605 2529 1847 2613 compositorum
1872 2528 2015 2594 inventor

312 2647 438 2712 exstitit.
484 2645 578 2712 (lidus
593 2647 742 2728 quattuor
755 2644 905 2710 Horatius
920 2649 1019 2711 metra
1034 2647 1183 2727 quattuor
1196 2645 1384 2711 carminibus
1399 2647 1464 2711 suis
1479 2647 1731 2713 accommodavit.
1775 2647 1906 2712 Constat
1920 2647 2015 2728 igitur

311 2768 448 2831 metrum
467 2763 702 2829 Archssochium
721 2763 738 2827 I
759 2781 795 2827 ex
817 2762 936 2828 duobus
957 2763 1097 2828 versibus
1120 2763 1288 2846 dactyhcis,
1309 2765 1488 2830 hexametro
1509 2765 1540 2828 et
1555 2765 1749 2830 Archilochio
1771 2764 1897 2842 minore,
1919 2783 2013 2829 usur-

311 2887 420 2967 patum
441 2901 467 2947 c.
488 2881 542 2960 IV,
565 2881 595 2947 1.

414 2999 531 3080 Quibus
560 2998 668 3064 metris
696 2998 841 3082 exposite
868 2996 931 3064 iam
958 2998 1117 3065 veniamus
1144 3000 1184 3064 ad
1209 3001 1309 3066 metra
1334 3017 1413 3082 quae
1439 2999 1610 3082 composita
1635 3003 1709 3064 sunt
1735 3001 1875 3066 versibus
1901 2999 2015 3083 pedum

313 3119 434 3203 generis
444 3117 541 3201 dupli.
569 3116 663 3183 (luins
675 3116 794 3199 generis
805 3116 908 3200 pedes,
924 3135 995 3182 cum
1006 3117 1123 3200 dactyli
1135 3116 1294 3200 tranquilli
1309 3121 1341 3183 et
1355 3121 1497 3200 aequales
1513 3119 1585 3196 siut,
1599 3135 1731 3200 paeones
1745 3116 2014 3184 vehementissIme

313 3255 349 3302 ac
374 3236 495 3302 turbide
520 3234 715 3300 audientium
734 3226 853 3300 animos
875 3238 1102 3313 commoveant,
1129 3235 1268 3300 medium
1294 3235 1449 3317 quendam
1476 3237 1596 3300 moturu
1618 3235 1730 3299 ammis
1752 3235 1883 3301 aderunt
1905 3234 2014 3321 (μέσοι

314 3353 461 3441 ῥυθμοί).
502 3351 672 3419 Levissime
694 3352 777 3418 enirn
798 3354 830 3418 et
844 3352 1001 3419 celerrime
1016 3353 1105 3435 quasi
1119 3356 1246 3419 currunt
1260 3353 1427 3438 (τροχατοι)
1444 3352 1597 3434 slmulque
1613 3351 1724 3435 impari
1737 3353 1872 3435 portium
1886 3370 2014 3419 numero

313 3473 467 3539 concitato
489 3489 583 3537 cursu
604 3470 755 3536 feruntur.
798 3472 841 3536 Et
861 3490 933 3535 cum
954 3472 1131 3537 hexameter
1153 3471 1323 3554 dactylicus
1347 3485 1383 3535 cx
1405 3471 1601 3535 oraculorum
1615 3469 1770 3552 Apollinis
1785 3487 1844 3534 usu
1857 3470 2014 3553 proiectus
2102 3483 2112 3498 ·

314 3610 381 3658 csse
401 3590 553 3667 videatur,
575 3588 613 3654 ci.
636 3587 673 3654 de
689 3589 864 3654 Phemonoe
886 3588 952 3655 eius
974 3588 1141 3655 inventrice
1162 3587 1309 3666 fabulam,
1332 3586 1468 3652 trochaei
1490 3587 1522 3652 et
1535 3585 1631 3652 iambi
1645 3587 1824 3670 saepissime
1838 3587 1872 3652 in
1886 3588 2014 3666 choreis,

313 3728 392 3793 quae
413 3710 447 3774 in
467 3706 693 3774 viudemiarum
713 3705 797 3771 feriis
818 3707 938 3772 Baccho
962 3709 993 3771 et
1015 3706 1117 3772 (lereti
1137 3707 1325 3788 agebantur,
1345 3707 1450 3770 locum
1470 3705 1654 3782 habuerunt,
1676 3704 1748 3768 inde
1770 3707 1850 3770 sales
1871 3705 2014 3772 aemule-

314 3827 398 3892 dicta
423 3828 456 3891 in
481 3825 617 3908 ahquem
638 3823 809 3890 coniciendi
829 3842 923 3890 causa
943 3823 1072 3909 (telpdoe
1093 3843 1113 3889 a
1133 3824 1225 3890 verbo
1248 3820 1393 3906 ἰάπτων)
1423 3823 1496 3886 usui
1517 3823 1653 3887 fuerunt.
1697 3821 1742 3888 cf.
1763 3822 1842 3888 Mar.
1866 3822 2014 3889 Victorin.

313 3944 356 4023 II,
377 3943 407 4021 4,
430 3943 464 4009 t:
496 3944 574 4023 „het
595 3942 678 4008 enlm
698 3944 757 4008 hoc
778 3961 902 4008 carmen
924 3942 1070 4024 (trimetr.
1092 3939 1271 4026 iambicum)
1294 3941 1402 4024 aptum
1423 3939 1602 4005 lacerationi
1616 3941 1648 4005 et
1662 3940 1814 4019 conviciis,
1836 3940 2015 4024 plerumque

315 4061 494 4134 trimetrum
514 4078 606 4128 versu
627 4060 723 4144 epodo
746 4062 892 4142 sequente
914 4059 1149 4144 compositum”.
1192 4056 1281 4124 Orid.
1304 4057 1415 4124 remed.
1437 4076 1532 4123 emor.
1554 4077 1583 4122 v.
1606 4057 1680 4124 377:

885 4177 962 4245 liber
983 4178 1016 4243 ln
1037 4177 1181 4243 adversos
1202 4178 1308 4242 hostes
1330 4174 1502 4258 stringatur
1522 4174 1644 4241 iambus

687 4316 743 4363 seu
763 4296 851 4374 celer,
874 4299 1045 4362 extremum
1066 4313 1122 4360 seu
1142 4294 1248 4360 hahet
1268 4294 1321 4359 ille
1342 4294 1461 4377 pedem.

317 4409 455 4496 Quorum
475 4412 626 4494 inventor,
647 4415 823 4497 quamtum
844 4431 937 4499 snpra
958 4412 1280 4490 commemoravimus,
1301 4410 1506 4476 Archilochus
1528 4411 1702 4495 appellatus
1723 4411 1773 4476 est
1792 4409 1831 4474 iis
1852 4408 2015 4493 inprimis

315 4552 401 4599 usus.
446 4531 640 4615 Quamquam
661 4533 766 4598 autern
786 4551 842 4616 pro
864 4530 1079 4613 magnitudine
1101 4532 1134 4596 et
1155 4529 1259 4595 ordine
1279 4547 1428 4594 versuum
1448 4527 1577 4594 affectus
1599 4527 1691 4594 metri
1712 4527 1854 4611 paullum
1871 4527 2015 4605 variatur,

316 4650 450 4716 trimetri
470 4650 602 4716 maxime
623 4651 796 4734 temperati,
818 4649 951 4727 dimetri,
974 4648 1028 4731 qui
1049 4648 1122 4714 sunt
1140 4646 1313 4730 saepIssImi
1328 4665 1444 4725 versus,
1466 4645 1571 4711 faciles
1587 4647 1663 4711 sunt
1677 4664 1713 4710 ac
1727 4643 1890 4728 simplices,
1911 4645 2016 4710 tamen

317 4768 506 4834 concitatum
530 4769 684 4850 quoddam
710 4772 742 4834 et
766 4767 930 4833 vehemens
956 4785 1076 4850 semper
1105 4764 1144 4832 iis
1166 4765 1257 4832 inest.
1302 4763 1398 4831 (iuius
1420 4764 1539 4846 generis
1560 4761 1654 4848 pedes
1675 4763 1826 4829 Horatius
1848 4761 1887 4828 ad
1908 4779 2015 4827 versus

316 4885 475 4952 himetms
496 4887 530 4952 et
550 4887 697 4952 dimetros
718 4885 865 4952 iambicos
887 4888 919 4951 et
939 4885 1111 4950 trochanos
1133 4883 1359 4965 componendos
1383 4881 1534 4947 adhibuit.

417 5005 520 5087 Atque
544 5007 580 5070 ut
605 5006 643 5071 ab
668 5005 844 5070 hexametro
872 5001 1038 5085 dactylico,
1070 5001 1320 5084 frequentissimo
1345 5000 1401 5065 illo
1427 4998 1554 5081 quidem
1579 4999 1613 5063 tn
1640 4997 1827 5064 carminibus
1860 4996 1952 5081 epIcis
1983 5000 2017 5063 et

318 5121 468 5203 elegiacis
490 5123 524 5186 in
544 5123 730 5205 explicandis
750 5125 889 5189 versibus
910 5122 1026 5204 pedum
1047 5119 1168 5203 generis
1189 5118 1272 5203 paris
1294 5118 1393 5183 exorsi
1415 5135 1539 5196 sumus,
1572 5117 1616 5181 sic
1645 5116 1824 5182 trimetrum
1849 5116 2016 5181 iambicum

317 5238 530 5320 acatalectum,
546 5241 599 5322 qui
613 5244 736 5324 praeter
752 5259 855 5307 versus
869 5240 1062 5322 logcoedicos
1077 5237 1112 5303 in
1125 5239 1263 5303 veterum
1277 5235 1391 5301 fabnhs
1406 5238 1438 5302 et
1452 5235 1640 5301 carminibus
1656 5233 1835 5318 saepissime
1848 5234 2016 5313 invenitur,
