4452 5900
1083 397 1292 464 -19„

339 582 442 648 media
462 583 504 648 sit
516 583 597 648 inter
609 582 688 646 duos
701 581 930 658 Pherecratem,
953 577 1387 664 octapodialogaoedica
1401 579 1514 658 existit,
1536 579 2037 664 cninomcnestAsclopiadeo
2078 595 2080 668 ᾖ

343 700 480 766 maiori
526 699 566 764 ln
590 718 652 782 qno
673 717 765 764 versu
789 715 861 762 cum
886 695 1018 762 catalexi
1043 697 1090 762 bis
1115 697 1252 762 admissa
1276 697 1424 778 quattuor
1450 697 1515 761 eins
1541 698 1622 762 ictus
1643 697 1739 762 nullis
1760 696 1881 762 arsibus
1902 695 2036 762 seiuncti
2079 675 2081 766 s

339 817 531 894 conveniant,
545 815 694 880 seueritas
708 813 904 898 Asclepiadei
916 813 1045 878 minoris
1059 813 1124 878 iam
1138 815 1293 878 commota
1305 813 1352 878 ita
1364 814 1545 888 concitatur,
1562 816 1600 878 ut
1613 813 1654 878 ad
1666 813 1867 879 altitudinem
1881 812 2037 896 quandam
2081 833 2082 860 ³

337 951 376 998 ac
396 933 581 1015 granditatis
602 933 666 996 vim
687 934 841 1014 assurgat.
885 930 1008 1012 Species
1030 930 1096 996 eius
1117 932 1183 994 est:
2082 927 2083 934 ἶ

758 1165 888 1242 nullam,
908 1165 998 1241 Vare,
1020 1181 1109 1228 sacra
1128 1163 1192 1228 vite
1205 1151 1298 1246 'prius
1320 1163 1433 1228 severis
1454 1164 1603 1228 arborem.
2085 1193 2087 1256 j

341 1282 404 1362 qur
422 1301 531 1347 vesu
552 1284 591 1347 ao
612 1283 727 1348 maa
747 1281 782 1345 n
802 1280 991 1346 arminium
1011 1281 1093 1344 nur
1112 1281 1224 1362 pocus
1244 1279 1364 1344 enen
1385 1278 1486 1344 soum
1508 1279 1666 1344 sonorus
1686 1280 1726 1345 aa
1746 1281 1875 1346 somno
1889 1281 1924 1347 u
1936 1281 2037 1347 mon

339 1401 387 1464 est
407 1399 594 1464 carminibus
615 1401 793 1481 usurpatus,
814 1398 840 1475 I,
863 1400 912 1462 11.
936 1398 985 1463 18.
1006 1395 1061 1472 IV,
1085 1397 1134 1462 10.
2088 1421 2089 1424 ¹

439 1515 558 1595 Quibus
580 1515 726 1598 expositis
746 1515 840 1580 liceat
861 1513 1005 1579 brevibus
1028 1511 1187 1595 explicare,
1209 1530 1265 1577 eur
1286 1511 1434 1576 Horatius
1456 1511 1589 1578 Graecos
1610 1515 1717 1596 poetas
1739 1517 1865 1578 secutus
1878 1514 2037 1579 tamenin
2089 1491 2090 1508 ³

337 1631 490 1714 fingendis
510 1632 649 1698 uersibus
669 1629 855 1712 logaoedicis
876 1648 948 1694 cum
969 1629 1008 1694 iis
1030 1627 1219 1694 dissenserit.
1261 1629 1359 1694 Poeta
1373 1630 1456 1694 enim
1471 1649 1542 1694 eum
1556 1631 1638 1695 esset
1652 1630 1790 1712 aequalis
1805 1649 1912 1696 corum
1926 1631 2037 1696 metri-
2091 1663 2092 1694 3

336 1767 455 1826 corum,
477 1748 530 1830 qui
550 1748 738 1830 tempcrssius
758 1747 896 1828 Augusti
915 1745 1074 1824 florebant,
1095 1746 1196 1810 metra
1217 1763 1275 1810 sua
1293 1763 1358 1810 non
1377 1747 1415 1810 ut
1436 1746 1547 1812 Graeci
1568 1765 1606 1811 er
1625 1746 1762 1812 numeris
1784 1750 1902 1824 cantus,
1925 1747 1980 1813 sed
2000 1767 2038 1812 ex

339 1865 466 1930 illorum
486 1865 627 1931 docuina
646 1883 684 1930 ae
703 1863 873 1948 praeceptis
896 1863 1085 1946 composuit,
1118 1880 1250 1945 cumque
1272 1863 1383 1928 Graeci
1414 1862 1551 1927 dicerent
1582 1863 1788 1929 versumfere
1809 1864 1966 1930 extribus
1987 1864 2037 1930 uel

337 1983 485 2064 quattuor
516 1980 650 2063 syzygiis
682 1982 834 2058 constare,
867 1980 972 2044 Latini
1000 1979 1273 2063 completumque
1293 1980 1328 2044 in
1349 1980 1410 2044 duo
1431 1981 1570 2046 membra
1590 1982 1674 2045 certa
1693 1999 1838 2046 mensura
1859 2000 1894 2046 ac
1915 1983 2034 2047 ratione

337 2097 501 2163 coniuncta
522 2097 702 2163 diviserunt.
744 2097 854 2178 Itaque
875 2115 984 2162 versus
1003 2096 1167 2162 Horatiani
1187 2114 1376 2178 quamquam
1390 2095 1543 2160 simillimi
1557 2095 1744 2162 Graecorum
1758 2098 1906 2175 versibus,
1927 2099 2034 2164 tamen

335 2216 379 2281 ab
398 2214 439 2279 iis
454 2215 601 2306 ponnibil
621 2213 806 2297 discrepant.
849 2213 944 2278 Velut
964 2211 1078 2277 Horati
1096 2231 1205 2277 uersus
1227 2211 1413 2294 Glyconcus,
1434 2212 1658 2278 Pherecratous
1678 2215 1770 2292 alter,
1802 2214 2036 2297 Asclepiadeis

336 2332 474 2414 spondeo
494 2330 657 2413 incipiunt,
679 2330 866 2396 Graecorum
886 2348 906 2394 a
926 2329 1046 2411 syllaba
1067 2327 1254 2393 indifferenti
1274 2377 1369 2406 -.,
1392 2370 1472 2406 -c,
1494 2371 1514 2393 a
1527 2378 1573 2406 .,
1686 2330 1777 2395 Illius
1798 2350 1907 2396 versus
1927 2332 2034 2396 Alcai·

335 2467 393 2512 ens
414 2447 689 2529 hendecasyllabos
710 2451 743 2512 et
763 2445 908 2529 Sappbici
926 2445 1110 2529 plerumque
1131 2446 1266 2511 alterum
1297 2447 1407 2528 pedem
1438 2449 1609 2530 spondeum
1635 2448 1750 2514 babent
1768 2467 1824 2531 pro
1847 2448 2036 2514 Graecorum

337 2563 483 2628 trochaeo
503 2567 599 2646 atque
619 2581 692 2628 cum
713 2563 901 2629 Graecorum
922 2580 1031 2627 sersus
1052 2581 1143 2645 saepe
1163 2561 1312 2628 incisione
1333 2566 1467 2640 careant,
1499 2563 1664 2628 Horatiani
1685 2583 1721 2628 ea
1741 2567 1848 2630 carent
1867 2583 2037 2647 nunqnam.
2102 2599 2104 2602 <

337 2679 423 2745 'Nam
442 2682 643 2745 metricorum
663 2679 727 2744 iere
748 2679 886 2744 omnium
907 2678 1094 2743 senentiam
1115 2681 1240 2744 secutus
1261 2680 1499 2761 Asclepisdeum
1519 2679 1671 2745 minorem
1691 2682 1810 2746 duobus
1828 2683 1974 2748 membris
1995 2682 2037 2747 ad

334 2796 574 2862 similitudinem
593 2795 779 2880 pentametri
801 2794 955 2876 dactylici,
977 2795 1163 2877 Sappbicum
1183 2797 1334 2860 minorem
1353 2795 1509 2861 trochaica
1523 2801 1554 2862 et
1568 2796 1700 2862 iambica
1713 2816 1847 2876 caesura,
1869 2799 2033 2864 Alcaicum

338 2913 631 2996 hendecasyllabum
652 2931 779 2978 mesura
799 2911 941 2994 quinaria
961 2911 1094 2976 iambica
1115 2913 1148 2976 et
1168 2911 1294 2993 dipodia
1322 2912 1487 2994 dactylica,
1505 2913 1678 2997 composita
1698 2932 1765 2978 esse
1784 2916 1916 2997 putavit.
1960 2916 2037 2980 Inde

338 3048 393 3095 cos
413 3049 521 3095 versus
542 3048 670 3094 caesura
690 3033 747 3095 ant
767 3030 897 3095 diaercsi
917 3030 950 3093 in
971 3029 1058 3094 binas
1082 3029 1186 3111 partes
1209 3028 1329 3106 diuisit,
1356 3031 1389 3094 at
1409 3030 1579 3108 Adonium,
1610 3031 1860 3108 Pherecrateum,
1893 3030 2035 3096 Alcaicos

334 3146 571 3228 -deoasyllabnm
592 3149 625 3212 et
645 3146 896 3228 enneasyllabum
920 3163 983 3210 non
1003 3145 1119 3209 divisit.

440 3261 491 3327 Sic
511 3266 617 3328 autom
637 3263 774 3328 carmina
793 3263 829 3328 in
848 3265 998 3345 quattuor
1018 3261 1106 3325 libris
1128 3262 1160 3325 et
1180 3279 1244 3325 uno
1264 3260 1344 3325 libro
1365 3263 1533 3344 epodcrum
1564 3263 1738 3346 dispertivit·
1757 3267 1851 3348 atque
1873 3263 2035 3342 ordinarit,

338 3380 376 3443 ut
394 3379 517 3462 praeter
537 3380 720 3462 temporum,
742 3377 857 3462 quibus
878 3378 962 3443 facta
983 3380 1067 3454 sunt,
1090 3380 1122 3442 et
1142 3379 1367 3442 sententiarum
1380 3379 1534 3461 quendam
1548 3379 1686 3445 ordinem
1705 3381 1801 3446 etiam
1815 3384 1915 3446 metra
1929 3399 2037 3446 eorum

333 3498 422 3559 certo
444 3494 550 3558 ordine
570 3494 622 3558 uel
649 3495 767 3559 variato
792 3496 844 3559 vel
875 3494 981 3558 eodem
1008 3496 1187 3575 sequantur.
1229 3493 1312 3558 Nam
1341 3495 1446 3560 decem
1471 3495 1565 3579 primi
1590 3498 1680 3580 epodi
1705 3497 1745 3563 ad
1770 3517 1868 3564 uuum
1893 3498 2035 3581 idemque

337 3615 474 3678 nocuum
504 3611 755 3676 accommodatae
787 3616 876 3690 sunt,
908 3611 963 3676 scd
994 3611 1028 3674 in
1057 3611 1165 3693 primis
1196 3611 1290 3694 primi
1321 3612 1394 3676 libri
1425 3613 1610 3679 carminibus
1637 3633 1749 3680 novem
1776 3615 1905 3680 diuersis
1927 3615 2036 3680 metris

332 3730 429 3810 poeta
448 3730 497 3792 cst
516 3746 602 3804 osus,
622 3730 659 3795 ut
678 3731 751 3810 post
770 3729 897 3792 illorum
917 3728 1086 3810 cpodcrum
1107 3731 1323 3811 μονομετρίαν
1343 3730 1378 3794 in
1398 3729 1449 3794 his
1462 3731 1553 3812 quasi
1565 3731 1761 3815 ιωλυμετρία
1776 3733 1927 3814 quaedam
1940 3750 2037 3815 appa·

338 3845 415 3922 reat,
436 3845 565 3909 secundi
584 3845 658 3909 libri
679 3844 817 3910 carmina
838 3846 945 3912 decom
965 3845 1066 3928 prima
1087 3843 1217 3910 alternis
1239 3844 1305 3910 cius
1327 3845 1586 3928 frequentissimis
1608 3847 1730 3926 metris,
1758 3848 1883 3915 Alcaico
1904 3851 1937 3913 et
1957 3848 2036 3930 Sap-

339 3959 438 4041 phico,
459 3961 544 4026 tertii
563 3961 636 4026 libri
656 3981 710 4026 scr
729 3961 831 4045 prims
851 3961 960 4026 eodem
979 3962 1077 4027 metro
1099 3960 1225 4026 Alcaico
1258 3963 1428 4045 composita
1449 3967 1532 4028 sunt.
1581 3962 1675 4028 Cuius
1709 3963 1909 4030 ordinationis
1943 3982 2037 4029 cansa

334 4075 391 4139 uel
411 4092 467 4158 per
487 4095 520 4142 sc
542 4077 631 4144 facile
652 4077 857 4160 intellegitur.

865 4479 1197 4553 ADUMBRATIO
1222 4480 1514 4554 METRORUM.

440 4655 595 4736 Quoniam
615 4659 712 4742 igitur
733 4661 771 4725 de
792 4659 901 4726 metris
921 4658 1105 4724 Horatianis
1126 4659 1202 4724 satis
1224 4659 1314 4725 nobis
1334 4659 1516 4727 disseruisse
1537 4659 1692 4740 videmur,
1725 4661 1880 4744 seqnitur,
1912 4661 1983 4744 quia
2004 4662 2037 4726 in

337 4791 510 4856 puerorum
530 4775 662 4840 maxime
682 4794 776 4841 usum
796 4794 833 4840 eo
854 4775 1022 4841 describere
1043 4777 1247 4855 instituimus,
1269 4780 1307 4843 ut
1327 4777 1592 4844 adumbrationem
1612 4779 1768 4861 quandam
1788 4780 1899 4844 horum
1919 4782 2037 4844 metro-

339 4909 410 4956 rum
430 4890 534 4972 pucris
555 4891 583 4954 si
602 4891 705 4973 placet
724 4892 920 4958 edmmndam
939 4893 1074 4960 extrerrm
1096 4893 1244 4976 opusculo
1265 4893 1481 4977 adiungamus.
1523 4895 1569 4962 Ha
1590 4898 1637 4961 est
1658 4898 1743 4962 haec.

441 5008 478 5071 In
498 5008 647 5089 quattuor
667 5010 837 5074 carminum
857 5009 953 5086 libris,
975 5027 1054 5091 quae
1079 5009 1243 5093 praecipue
1263 5011 1410 5092 leguntur
1442 5013 1537 5094 atque
1569 5013 1781 5096 explanantur,
1814 5011 1915 5076 utitur
1944 5015 2036 5096 poeta

336 5127 449 5192 metris
472 5127 506 5209 1)
527 5125 695 5203 Alcaico,
716 5126 752 5209 2)
774 5124 972 5210 sapphicis
993 5125 1111 5192 minore
1133 5129 1165 5192 et
1185 5127 1310 5206 maiore,
1331 5127 1367 5211 3)
1389 5127 1656 5211 Asclepiadeis
1678 5127 1821 5212 quinquo,
1847 5129 1879 5211 4)
1901 5127 2036 5193 Arabi-

338 5243 478 5307 loehiis
499 5241 629 5320 duobus,
649 5241 686 5324 5)
707 5241 915 5320 Alcmanio,
937 5243 972 5327 6)
994 5241 1267 5327 Hipponacteo,
1290 5241 1325 5327 l)
1347 5244 1474 5309 lonico
1496 5263 1515 5309 a
1535 5245 1654 5312 minori

442 5360 546 5441 Atque
577 5359 626 5424 est
658 5357 689 5442 1)
718 5356 914 5424 Alcaicom
946 5358 1088 5425 versibus
1119 5360 1254 5426 Alcaicis
1284 5358 1542 5444 hendecasyllabo
1563 5362 1610 5426 bis
1631 5362 1774 5445 repetito,
1802 5361 2035 5514 gpnessyllabo,
