4452 5900
1038 325 1226 400 ,.8-Α

274 509 307 576 id
328 511 377 576 est
398 509 550 576 divisione
573 509 771 577 dirimuntur.
814 509 960 576 Efficitur
981 511 1088 576 autem
1110 525 1239 574 caesura
1259 508 1322 574 fine
1342 508 1427 574 verbi
1447 507 1481 573 in
1501 507 1602 574 modio
1623 509 1700 592 pede
1720 495 1770 575 ita
1786 510 1823 576 ut
1841 511 1895 577 aut
1907 513 1979 596 post

278 627 396 694 thesim
425 629 555 695 verbnm
580 627 701 693 desinat
727 629 781 692 aut
805 627 839 693 in
866 627 958 705 arsis,
985 644 1064 709 quae
1094 626 1214 691 duobus
1235 625 1380 692 brevibus
1402 625 1531 708 syllabis
1552 625 1741 706 continetur,
1762 629 1849 711 parte
1869 628 1978 714 priore.

276 744 371 809 (iuius
403 744 531 812 alterius
564 745 685 828 generis
718 749 794 811 sunt
824 743 1043 828 semiquinaria
1073 739 1345 829 (πονθομιμορῆς)
1378 745 1410 808 et
1436 743 1688 827 semiseptenaria
1715 743 1976 832 (ἑφθρμιμορής),

274 862 403 928 alterins
429 862 523 928 tertia
548 864 704 929 trochaica
729 861 829 948 (rptcp
850 861 1015 946 τροχαική)
1042 864 1075 928 et
1100 863 1212 945 quarta
1244 858 1414 938 trochaica;
1448 861 1593 927 diaeresis
1614 859 1771 945 quoddam
1792 879 1891 945 genus
1905 867 1978 948 post

275 979 423 1062 quartum
443 981 614 1046 hexametri
635 981 793 1063 dactylum
816 997 943 1045 caesura
962 979 1103 1045 bucolica
1124 978 1244 1044 dicitnr.

373 1097 417 1163 Ut
443 1100 549 1164 autem
575 1116 683 1163 versus
708 1097 870 1175 membris,
897 1097 943 1162 ita
967 1096 1107 1162 versibus
1135 1094 1280 1178 strophae
1307 1096 1371 1160 sive
1396 1095 1515 1178 periodi
1537 1095 1727 1181 compositae
1748 1099 1831 1164 sunt.
1873 1098 1978 1183 Atque

273 1214 424 1293 ommino,
451 1234 529 1298 quae
555 1234 617 1281 uno
645 1214 812 1297 eodemque
837 1233 930 1280 ymen
956 1215 1137 1280 continuata
1167 1215 1254 1293 sunt,
1286 1214 1452 1299 ποιήματα
1483 1211 1567 1280 saed
1594 1219 1702 1298 στίχον
1733 1217 1977 1300 appellabantur,

274 1330 380 1415 qualia
398 1330 527 1398 Homeri
547 1332 622 1397 Ilias
649 1332 680 1398 et
702 1330 841 1414 Odyssea
867 1333 971 1397 sunt.
994 1331 1073 1397 dnm
1099 1347 1172 1396 vero
1193 1330 1258 1396 bini
1282 1331 1333 1397 vel
1358 1332 1441 1397 terni
1467 1332 1517 1397 rel
1537 1331 1683 1414 quaterni
1704 1333 1848 1400 carminis
1871 1353 1976 1400 versus

273 1451 417 1533 aequales
439 1468 501 1515 uno
522 1449 643 1515 numeri
668 1449 801 1514 circuitu
823 1448 1042 1530 conectuntur,
1063 1448 1102 1514 fit
1123 1447 1274 1532 περίοδος
1295 1446 1359 1513 sive
1380 1445 1524 1533 σύστημα
1549 1450 1606 1514 aut
1624 1449 1806 1515 Latinorum
1828 1451 1974 1518 ambitus.

272 1567 316 1632 Et
336 1585 461 1632 carmen
487 1585 522 1633 er
543 1566 582 1631 iis
610 1565 762 1650 strophis,
794 1583 873 1649 quae
898 1583 1026 1632 numero
1056 1583 1203 1631 versuum
1228 1566 1261 1630 in
1286 1567 1391 1648 partes
1416 1565 1504 1631 binas
1529 1567 1579 1631 vel
1605 1568 1709 1632 ternas
1735 1569 1785 1633 rel
1809 1569 1975 1650 quaternas

275 1683 400 1750 dividuo
422 1687 477 1750 aut
497 1683 638 1750 versibus
660 1683 770 1767 spatiis
790 1684 916 1767 paribus
936 1682 1149 1785 interpunctis·
1173 1683 1228 1749 aut
1255 1682 1528 1766 grammaticorum
1555 1684 1604 1748 vel
1626 1684 1862 1750 scholiastarum
1883 1685 1975 1752 testi-

276 1801 390 1868 moniis
405 1801 644 1886 perspiciuntnr,
659 1801 807 1867 constans
821 1806 947 1888 ποίημα
962 1798 1073 1869 κοινόν
1088 1801 1209 1867 dicitnr.
1243 1799 1384 1882 Quorum
1399 1801 1554 1884 exemplar
1566 1801 1679 1866 habeto
1689 1803 1823 1884 primum
1835 1802 1870 1867 in
1880 1804 1975 1868 cantu

273 1919 401 2001 lugubri
428 1918 466 1986 de
491 1920 627 1985 Hectore
649 1920 787 1998 mortno,
812 1916 850 1985 Π.
874 1919 896 1982 l.
917 1917 1032 1983 XXIV.
1078 1917 1180 1984 Nauia
1205 1918 1288 1984 enim
1311 1918 1454 1984 Hecubae
1479 1917 1549 1984 inde
1575 1936 1706 1984 eversu
1728 1918 1788 1986 748
1816 1937 1914 2002 usque
1935 1920 1975 1986 ad

272 2055 300 2100 v.
326 2035 403 2114 759,
428 2034 462 2102 id
479 2035 563 2119 quod
588 2036 706 2118 primus
728 2035 820 2100 hdo
841 2034 978 2100 Leutsch
1003 2035 1037 2100 in
1057 2034 1170 2100 Philol.
1191 2037 1251 2101 rol.
1274 2034 1345 2114 XII,
1366 2054 1397 2119 p.
1420 2037 1461 2104 33
1482 2036 1617 2114 monuit,
1642 2035 1676 2101 in
1702 2038 1850 2119 quattuor
1869 2039 1974 2120 partes

272 2156 433 2220 ternorum
448 2171 597 2219 versuum
617 2154 650 2218 et
670 2172 700 2217 r.
716 2151 861 2220 lae-45
881 2151 1117 2218 Andromachae
1137 2152 1231 2218 nenia
1251 2151 1285 2218 in
1306 2153 1425 2236 septem
1445 2153 1548 2236 partes
1569 2152 1703 2219 totidem
1716 2172 1863 2219 rusunm
1876 2153 1975 2220 divisa

274 2272 328 2337 est
348 2289 448 2354 neque
468 2268 605 2336 Helenae
625 2269 718 2336 nenia
738 2270 846 2337 eadem
858 2269 1026 2354 partitione
1039 2269 1174 2336 caruisse
1188 2268 1318 2336 videtur.
1350 2270 1432 2336 Nam
1446 2268 1601 2354 inprimis
1616 2288 1711 2354 aeque
1732 2288 1769 2336 ac
1781 2269 1814 2334 in
1829 2270 1974 2337 extremis

273 2386 340 2454 eius
368 2386 509 2454 versibus
536 2386 619 2452 terni
644 2406 752 2454 versus
773 2387 854 2454 inter
879 2406 912 2453 se
939 2387 1134 2472 respondent.
1184 2387 1266 2453 Tum
1290 2387 1324 2453 in
1350 2384 1439 2454 libris
1464 2388 1599 2454 secundo
1626 2389 1658 2453 et
1684 2389 1777 2454 terlio
1803 2388 1974 2454 carminum

274 2503 447 2590 Sapphonis
467 2508 499 2571 et
513 2506 546 2570 in
567 2504 674 2571 metris
696 2504 807 2570 ionicis
823 2505 929 2571 Alcaei
950 2502 1117 2592 ποιήματα
1139 2503 1236 2572 νοινά
1255 2505 1459 2588 reperientes,
1482 2504 1521 2570 cf.
1536 2504 1727 2588 Hephaestio
1739 2524 1770 2588 p.
1784 2505 1836 2572 97.
1879 2505 1973 2589 Origo

273 2625 382 2689 autem
395 2622 538 2689 vocabuli
552 2625 697 2707 strophae
712 2641 748 2688 ex
762 2625 798 2688 eo
813 2620 984 2702 deducitur,
1006 2621 1089 2706 quod
1104 2623 1216 2688 chorus
1230 2640 1343 2688 canens
1358 2639 1444 2688 aram
1465 2621 1524 2700 dei,
1545 2641 1637 2704 quem
1658 2623 1841 2701 celebrabat,
1864 2625 1974 2690 cantus

273 2759 437 2807 numerum
467 2739 598 2825 pedibus
630 2759 759 2824 sequens
792 2739 982 2837 circumibat.
1016 2739 1064 2807 df.
1094 2740 1173 2806 Mar.
1205 2740 1320 2806 Victor.
1353 2739 1377 2818 I,
1404 2741 1458 2818 16,
1482 2742 1516 2807 2:
1552 2739 1672 2822 antiqui
1705 2739 1833 2806 deorum
1864 2740 1972 2808 laudes

275 2856 463 2925 carminibus
492 2857 728 2942 comprehensas
755 2858 870 2924 circum
892 2875 961 2924 aras
983 2876 1089 2926 eorum
1112 2862 1221 2924 euntes
1242 2856 1406 2936 canebant,
1433 2857 1521 2922 cuius
1542 2858 1675 2941 primum
1697 2859 1859 2938 ambitum,
1881 2877 1974 2942 quem

273 2975 526 3060 ingrediebantur
546 2996 566 3043 a
586 2976 674 3060 parte
695 2976 812 3055 dextra,
835 2975 976 3064 στροφήν
996 2976 1157 3054 vocabant,
1178 2975 1384 3042 reversionem
1404 2978 1510 3041 antem
1531 2975 1746 3042 sinistrorsnm
1759 2976 1875 3043 laetam
1888 2995 1972 3042 com-

274 3095 359 3178 pleto
379 3093 481 3178 priore
502 3095 575 3160 orbe
597 3091 811 3183 ἀντίστροφον
832 3093 1038 3178 appellabant.
1081 3092 1224 3160 Carmina
1245 3112 1317 3161 vero
1331 3110 1409 3176 quae
1424 3112 1461 3160 ex
1475 3093 1611 3177 strophis
1626 3091 1817 3159 diversorum
1826 3111 1973 3158 versuum

275 3211 473 3289 comtabant,
495 3207 661 3296 ποιήματα
683 3207 766 3277 κατὰ
788 3211 942 3297 περίοδον
963 3211 1028 3278 sive
1049 3206 1129 3278 κατὰ
1150 3209 1293 3296 σύσσημα
1314 3210 1379 3276 sive
1400 3207 1628 3297 σνστηματτκοῖ,
1652 3207 1735 3277 κατὰ
1757 3214 1866 3294 σχέσιν
1887 3229 1972 3277 com·

275 3328 378 3412 posita
391 3330 553 3408 vocabant,
575 3347 647 3393 cum
660 3331 697 3396 ut
717 3330 751 3394 iu
764 3330 875 3396 Horati
896 3329 1081 3396 carminibus
1103 3330 1228 3396 eaedem
1248 3329 1367 3412 periodi
1380 3327 1646 3413 repetebantur*),
1668 3328 1718 3394 vel
1732 3325 1969 3413 ἀπολελυμένα,

277 3465 349 3511 cnm
370 3446 512 3528 singulae
532 3446 649 3530 periodi
671 3446 808 3512 diversae
829 3445 1054 3529 magnitudinis
1075 3449 1107 3512 et
1127 3446 1244 3512 formae
1266 3447 1365 3525 erant,
1385 3446 1422 3511 ut
1435 3444 1606 3512 Pindarum
1619 3446 1694 3511 ferri
1706 3445 1869 3511 numeris
1889 3447 1971 3528 lege

129 3553 134 3564 ⁸
276 3562 415 3659 solutis
436 3562 584 3629 Horatius
613 3562 689 3630 dicit
708 3563 768 3643 IV,
792 3566 826 3643 2,
855 3567 904 3630 11.
948 3562 1043 3629 cuius
1069 3565 1215 3647 strophae
1236 3582 1307 3628 cum
1329 3567 1412 3629 esset
1432 3563 1531 3629 forma
1550 3562 1682 3630 minima
1702 3564 1735 3628 et
1754 3562 1972 3646 antiquissima

276 3680 445 3748 distichum
465 3682 577 3747 Ionum
605 3682 775 3764 elegiacum
795 3681 878 3766 quod
899 3685 1028 3749 roeatm
1049 3684 1193 3748 caustum
1215 3699 1251 3747 ex
1271 3681 1410 3747 versibus
1432 3681 1591 3765 dactylicis
1611 3682 1787 3747 hexametro
1811 3683 1842 3746 ot
1862 3683 1972 3764 penta·

274 3800 387 3877 metro,
414 3799 496 3865 inter
515 3799 642 3864 melicos
662 3801 770 3884 poetas
791 3798 824 3863 in
843 3799 951 3883 primis
973 3800 1107 3866 Alcman
1127 3801 1160 3864 et
1179 3800 1313 3865 Alcaeus
1334 3800 1367 3864 et
1385 3798 1509 3882 Sappho
1530 3799 1562 3864 et
1581 3796 1743 3864 Anacreon
1764 3817 1801 3864 ex
1821 3796 1901 3865 binis
1923 3797 1972 3863 vel

274 3915 432 4001 quaternis
453 3917 592 3983 versibus
613 3917 756 4001 strophas
777 3917 945 4000 fingebant.
984 3915 1180 3999 Quamquam
1199 3916 1258 3995 hic,
1280 3919 1319 3981 nt
1339 3919 1406 3982 erat
1425 3917 1518 3999 poeta
1539 3915 1709 3982 amatorius
1731 3918 1763 3982 et
1784 3916 1851 3980 leve
1871 3914 1970 3997 quod-

275 4034 348 4100 dam
373 4052 410 4100 ac
435 4033 586 4100 lascivum
608 4033 781 4101 carminum
803 4053 901 4118 genus
922 4036 1092 4113 tractabat,
1115 4035 1258 4118 strophas
1280 4027 1428 4100 minimae
1447 4034 1533 4113 artis,
1556 4035 1669 4117 quippe
1690 4051 1769 4116 quae
1790 4032 1971 4116 experitus

275 4152 415 4218 versibus
437 4153 625 4232 constarent,
647 4170 828 4235 componere
849 4153 969 4219 solebat
990 4155 1023 4218 et
1043 4150 1080 4231 is,
1102 4170 1193 4236 quem
1214 4152 1349 4236 primum
1369 4152 1526 4219 nominavi
1545 4151 1640 4218 etiam
1654 4151 1863 4235 compluribus
1878 4167 1972 4234 quam

276 4267 435 4354 quaternis
461 4267 602 4336 versibus
629 4270 772 4354 strophas
800 4267 929 4336 conexit.
978 4268 1063 4351 Quae
1090 4271 1226 4336 carmina
1251 4289 1287 4336 ex
1312 4270 1423 4336 iisdem
1448 4269 1584 4352 strophis
1610 4269 1781 4352 composita
1807 4270 1909 4346 erant,
1936 4285 1973 4333 ea

275 4389 347 4474 ἀδρ
371 4385 613 4475 μονοστροφνκά
633 4389 666 4452 et
691 4388 828 4452 carmina
853 4386 989 4466 chorica,
1011 4406 1089 4472 quac
1111 4387 1275 4471 tripertitis
1302 4388 1437 4472 strophis
1464 4386 1680 4453 dividebantur
1705 4387 1750 4452 ita
1775 4385 1813 4450 ut
1838 4381 1969 4472 στροφή,

275 4502 495 4592 ἀντίστροφος,
512 4503 637 4596 ἔπῳάος
649 4508 836 4588 repetentur,
859 4521 991 4590 quorum
1005 4507 1114 4572 auctor
1128 4504 1321 4572 Stesichorus
1337 4504 1465 4583 exstitit,
1480 4505 1553 4590 εἴάρ
1567 4501 1714 4594 inperari
1728 4504 1969 4588 appellabantur.

276 4622 379 4702 „Olim
405 4623 503 4700 enim,
530 4621 576 4688 eit
595 4621 712 4688 Atilius
733 4643 763 4707 p.
784 4622 857 4702 295,
880 4625 1017 4690 carmina
1041 4624 1075 4688 in
1096 4623 1170 4690 deos
1192 4624 1308 4706 scripta
1328 4641 1366 4689 ex
1385 4623 1434 4688 his
1456 4623 1556 4689 tribus
1578 4623 1776 4688 constabant:
1810 4621 1970 4687 circumire

275 4757 361 4804 aram
387 4759 406 4804 a
431 4738 539 4804 dextra
567 4740 712 4823 strophen
737 4742 904 4819 vocabant,
930 4741 1029 4806 redire
1054 4759 1074 4805 a
1095 4741 1222 4806 sinistra
1242 4741 1471 4823 antistrophon,
1494 4741 1566 4823 post
1587 4757 1659 4805 cum
1679 4739 1713 4804 in
1734 4741 1901 4822 conspectu
1922 4738 1972 4804 dei

276 4856 479 4922 consistentes
501 4858 629 4924 canticis
650 4859 769 4942 reliqua
793 4857 995 4942 peragebant,
1017 4859 1148 4942 epodon,
1176 4857 1225 4924 ὅτι
1253 4861 1290 4951 τῇ
1310 4862 1429 4950 στροφῇ
1455 4863 1511 4923 καὶ
1535 4861 1571 4951 τῇ
1598 4853 1798 4946 ἀντιστρόφῳ
1818 4855 1970 4948 ἑνοῇάον”.
2001 4851 2003 4856 ’

375 5056 403 5124 *)
420 5057 495 5112 Adn.
513 5057 548 5113 cs.
566 5059 636 5114 Atil
653 5059 770 5114 Fortnn.
788 5059 824 5128 Il,
842 5058 883 5127 28,
900 5058 929 5112 4:
945 5059 1016 5113 haec
1034 5061 1129 5113 autem
1145 5057 1260 5112 Horatii
1278 5058 1411 5126 carmina,
1429 5057 1465 5114 de
1483 5057 1587 5126 quihus
1605 5056 1700 5112 dicere
1717 5054 1838 5123 institui,
1859 5069 1970 5110 mono·

276 5140 418 5212 stropha
433 5140 537 5200 Graeci
555 5142 781 5214 appellaverunt,
799 5142 877 5212 quod
895 5141 987 5212 prima
1004 5141 1121 5212 strophe
1138 5142 1251 5198 duobus
1268 5143 1316 5198 vel
1333 5142 1426 5198 tribus
1444 5141 1514 5198 colis
1532 5141 1675 5214 explicata
1692 5145 1802 5198 ceteras
1817 5143 1971 5212 sequentes

276 5224 384 5282 similes
400 5225 513 5296 habeat,
531 5241 584 5286 nec
601 5227 631 5283 in
649 5227 748 5296 aliqua
764 5230 846 5296 parte
864 5225 1073 5283 interveniente
1090 5226 1184 5296 epodo
1202 5225 1266 5282 cola
1283 5230 1436 5283 mutentur.
