4452 5900
1062 331 1270 396 ...16-

319 510 386 578 fieri
412 511 560 596 potuerit,
588 511 623 577 ut
642 511 717 577 haec
743 511 843 579 metra
869 515 1036 591 orerentur,
1065 513 1129 580 iam
1154 515 1263 596 poetae
1284 513 1417 593 Aeolici,
1447 515 1484 579 ut
1505 515 1639 582 Alcaeus
1666 520 1700 582 et
1720 515 1854 600 Sappho,
1880 517 2019 608 versibus

321 629 482 713 dactylicis
509 630 554 694 ita
579 628 704 694 liberius
730 628 780 694 usi
809 633 897 708 sunt,
923 632 960 695 nt
985 632 1016 696 et
1041 632 1074 696 in
1101 632 1246 697 extremis
1270 651 1332 697 non
1359 631 1460 698 solum
1482 633 1610 715 spondei
1630 635 1679 698 vel
1698 636 1835 701 trochaei
1849 636 1904 700 sed
1925 634 2020 702 etiam

322 746 440 830 dactyli
461 750 657 830 ponerentur,
679 766 811 830 quornm
832 749 953 831 syllaba
967 750 1059 816 tertia
1073 750 1173 816 brevis
1187 753 1298 834 utpote
1309 751 1344 816 iu
1357 751 1520 816 intervallo
1534 751 1679 818 binorum
1692 769 1846 830 ramnum,
1867 755 2017 834 quantum

321 865 446 942 libebat,
465 864 592 948 produci
606 868 730 950 poterat
745 866 776 931 et
791 884 847 948 pro
861 866 971 950 primis
986 885 1133 934 versuum
1147 868 1287 950 dactylis,
1303 867 1357 950 qui
1371 870 1408 932 ut
1421 867 1615 934 irrationales
1630 869 1695 934 sira
1709 868 1817 951 cyclici
1830 869 2019 953 temporibus

321 982 384 1048 iere
412 984 574 1048 trochaeos
596 985 784 1066 aequabant,
814 985 863 1050 vel
889 984 1017 1067 spondei
1041 984 1090 1050 vel
1112 985 1249 1051 trochaei
1270 987 1319 1050 vel
1333 983 1429 1051 iambi
1443 987 1492 1050 rel
1513 986 1652 1052 bibrevee
1674 985 1926 1066 admitterentur,
1949 1005 2017 1053 eum

303 1095 517 1184 insequentes
539 1100 655 1184 dactyli
675 1121 833 1184 nurnquam
855 1101 997 1186 spondeis
1019 1101 1294 1169 substituerentur.
1337 1103 1447 1185 Itaque
1467 1121 1575 1169 versus
1595 1102 1793 1186 fingebantur
1814 1106 1921 1187 quales

948 1292 1088 1300 ...--.
1102 1269 1390 1303 υυυυυυυυυ

321 1336 455 1402 Facilius
477 1336 586 1403 deinde
607 1357 667 1404 usu
689 1339 800 1418 evenit,
822 1341 860 1406 ut
880 1340 974 1422 pedes
996 1340 1119 1423 generis
1133 1339 1217 1422 paris
1232 1341 1265 1404 et
1279 1338 1367 1423 dupli
1380 1337 1461 1404 inter
1476 1357 1509 1404 se
1523 1338 1807 1405 intermiscerentur
1819 1357 1882 1405 nno
1898 1339 2021 1405 eodem·

322 1473 381 1536 que
405 1455 552 1520 membro.
603 1454 693 1534 Quod
718 1459 887 1540 postquam
913 1459 952 1523 ab
975 1459 1124 1523 Alcmene
1144 1456 1212 1523 fieri
1233 1460 1376 1541 coeptum
1398 1458 1460 1534 est,
1487 1473 1601 1538 magno
1629 1475 1701 1521 cum
1722 1456 1825 1523 studio
1847 1458 1886 1522 ab
1908 1455 2021 1522 Alcaeo

322 1574 355 1636 et
380 1570 542 1654 Sapphone
570 1574 771 1652 factumest,
799 1572 871 1640 inda
898 1593 917 1641 a
942 1575 1043 1657 poetis
1069 1574 1175 1658 lyricis
1202 1580 1234 1641 et
1264 1574 1391 1657 tragicis
1417 1576 1612 1656 usurpatum.
1663 1573 1731 1652 Quo
1759 1572 1960 1652 factumest,
1986 1577 2023 1638 ut

322 1689 500 1772 saepissime
521 1709 540 1755 a
560 1689 661 1773 poetis
683 1690 809 1757 Graecis
832 1692 871 1756 ad
893 1693 1028 1758 carmina
1048 1694 1194 1775 fingenda
1215 1691 1391 1759 adhibitum
1412 1691 1463 1770 sit,
1485 1709 1562 1775 quos
1584 1708 1655 1755 cum
1670 1693 1795 1756 secutus
1811 1691 1852 1756 sit
1865 1691 2022 1767 Horatius,

323 1807 459 1890 plurima
486 1808 552 1872 eins
574 1807 724 1887 carmina,
751 1810 789 1874 de
811 1786 936 1876 centum
957 1813 989 1875 et
1009 1810 1123 1893 viginti
1144 1809 1331 1876 carminibus
1353 1812 1481 1888 etune,
1508 1810 1542 1875 id
1562 1809 1611 1874 est
1631 1811 1752 1891 praeter
1774 1808 1887 1892 epodos
1909 1810 1941 1874 et
1962 1808 2024 1872 tria

325 1925 461 1990 carmina
487 1926 519 1991 iu
550 1927 630 1993 libro
661 1926 761 2010 primo
790 1930 823 1997 et
850 1926 975 2012 singula
996 1929 1132 1994 carmina
1152 1928 1292 1994 inlibris
1314 1929 1427 2006 altero,
1454 1927 1561 2005 tertio,
1588 1928 1699 2009 quarto
1721 1924 1825 1992 omnia
1846 1927 1878 1991 et
1900 1944 2024 1993 cannen

325 2043 481 2110 saeculare
501 2043 551 2108 his
573 2045 680 2110 metris
702 2045 873 2129 composita
894 2049 977 2112 sunt.

425 2159 582 2245 Principia
603 2164 708 2228 autem
730 2165 781 2230 vel
800 2163 939 2230 membra
959 2163 1107 2246 primaria
1127 2165 1220 2229 huius
1243 2164 1348 2241 metri,
1369 2181 1449 2245 quae
1469 2161 1599 2246 pedibus
1621 2161 1754 2244 singulis
1774 2161 1895 2244 antiqui
1916 2161 2024 2227 metie-

324 2279 453 2358 bantur,
476 2282 513 2344 nt
534 2298 553 2345 a
573 2280 756 2364 longissimo
776 2280 923 2365 incipiam
943 2281 984 2348 ad
1004 2281 1218 2347 brevissimum
1240 2282 1417 2356 decurrens,
1445 2284 1519 2345 sunt
1540 2280 1792 2363 tetrapodiae,
1814 2278 2023 2362 tripediae,

327 2396 511 2478 dipodiae.
555 2396 640 2478 Quae
665 2399 711 2464 ita
737 2398 920 2483 plerumque
945 2399 979 2464 in
1006 2399 1195 2466 carminibus
1222 2398 1328 2481 lyricis
1355 2396 1630 2482 componebantur,
1656 2400 1693 2463 nt
1720 2415 1802 2462 unus
1824 2400 1949 2462 tautum
1969 2415 2024 2480 pes

326 2515 468 2598 dactylus
490 2515 528 2580 iis
551 2519 642 2595 esset,
664 2517 757 2584 ceteri
779 2519 915 2584 trochaei
935 2519 1057 2602 praeter
1077 2517 1223 2600 primum,
1245 2517 1299 2599 qui
1320 2516 1403 2598 apud
1426 2514 1559 2582 Graecos
1584 2517 1691 2599 poetas
1718 2533 1774 2598 pro
1805 2515 1948 2580 trochaeo
1970 2516 2026 2579 aut

326 2631 479 2714 spondeus
502 2635 557 2698 aut
578 2633 698 2701 iambus
721 2638 776 2702 aut
797 2635 931 2702 bibrevis
954 2655 1020 2702 esse
1034 2637 1164 2719 poterat,
1187 2634 1270 2718 apud
1284 2633 1449 2699 Horatium
1471 2635 1604 2716 exceptis
1622 2631 1784 2716 perpaucis
1799 2631 1939 2698 versibus
1961 2633 2025 2698 fere

327 2769 447 2833 semper
479 2752 633 2834 spondeus
665 2756 723 2819 est.
767 2754 884 2820 Versus
911 2753 1009 2836 igitur
1030 2751 1264 2836 [quaternorum
1290 2753 1404 2836 pedum
1430 2753 1493 2817 sire
1518 2750 1709 2834 tetrapodiae
1734 2769 1753 2814 a
1775 2750 1912 2834 Glycona
1933 2752 2026 2833 poeta

327 2867 465 2951 alioquin
485 2888 549 2935 non
570 2870 615 2936 ita
630 2871 734 2950 nobili,
756 2873 810 2954 qui
824 2871 957 2938 fortasse
971 2871 1085 2938 aetatis
1099 2870 1325 2937 Alexandrinae
1340 2873 1406 2937 erat
1420 2873 1451 2936 et
1465 2869 1505 2934 iis
1519 2869 1652 2935 maxime
1665 2867 1820 2947 utebatur,
1843 2867 2027 2952 Glyconei

327 2986 401 3051 dicti
423 2989 505 3066 sunt,
528 3007 660 3070 quorum
681 2990 759 3057 duae
781 2992 905 3056 tantum
920 2991 1004 3073 apud
1016 2988 1184 3056 Horatium
1198 2987 1313 3071 speeies
1335 2988 1544 3066 inveniuntur,
1565 2990 1697 3070 utraque
1718 2985 1905 3063 catalectico,
1927 2985 2027 3051 altera

326 3122 508 3188 versusper
530 3106 703 3189 sepositus
726 3106 866 3174 versibus
888 3108 1099 3191 Asclepiadeis
1120 3107 1308 3191 praemissus
1335 3110 1391 3172 ant
1417 3107 1585 3183 subnexus,
1618 3107 1716 3170 altera
1743 3105 1916 3170 membrum
1940 3104 2025 3186 prius

326 3222 392 3288 eius
413 3241 528 3302 uersus,
550 3225 604 3306 qui
626 3224 739 3291 dieitur
762 3224 934 3309 Sapphicus
955 3226 1061 3292 maior.
1103 3225 1146 3290 Ht
1168 3228 1218 3290 est
1238 3223 1325 3290 illius
1346 3223 1446 3289 forma

976 3457 1096 3527 nudum
1115 3461 1246 3543 remigio
1267 3462 1359 3539 latus,

869 3580 961 3645 huius
982 3611 1334 3644 ssuss-sswss.

428 3695 478 3759 Ab
500 3695 560 3760 alio
583 3698 687 3762 autem
705 3699 797 3779 poeta
812 3697 987 3763 comoediae
1002 3697 1240 3763 Atheniensium
1261 3697 1413 3780 antiquae,
1436 3696 1627 3775 Pherecrate,
1649 3715 1761 3769 nomeu
1776 3694 1870 3760 traxit
1880 3693 2026 3776 tripedia,
2119 3681 2121 3684 ’

328 3829 407 3892 quae
429 3813 468 3878 ab
489 3813 619 3880 Horatio
641 3816 790 3896 quattuor
811 3815 860 3881 his
881 3814 988 3880 termis
1010 3816 1048 3882 de
1070 3815 1196 3882 Graecis
1218 3815 1379 3898 assumpta
1400 3817 1462 3880 est:

735 3933 922 4000 acatalectae
943 3936 1017 3999 sunt
1037 3952 1329 4000 nmsssss-a·
1453 3989 1455 3994 .

1038 4050 1146 4132 Lydia,
1168 4049 1217 4114 dio
1237 4067 1291 4131 per
1313 4067 1428 4126 omnes,

329 4163 566 4249 Aristophanins
590 4167 692 4233 dietus
715 4167 752 4234 de
774 4167 982 4252 Aristophane
1004 4166 1176 4261 clarissimo
1199 4167 1374 4232 comoediae
1394 4165 1519 4232 Atticae
1540 4167 1641 4248 poeta,

1006 4403 1184 4472 emirabitur
1204 4401 1349 4481 insolens,

329 4519 383 4601 qui
403 4520 524 4602 proprie
546 4519 766 4587 Pherecrateus
789 4520 910 4600 dicitnr,

432 4874 570 4955 Quorum
591 4877 930 4942 Pherecrateorum
949 4876 1068 4960 primus
1090 4878 1122 4940 et
1143 4875 1263 4957 integer
1287 4892 1343 4957 per
1371 4891 1405 4936 se
1426 4889 1532 4937 uersus
1555 4872 1587 4936 et
1611 4871 1785 4936 membrum
1807 4867 2028 4952 Sapphieorum

331 4993 458 5059 minoris
481 4999 513 5060 at
533 4993 659 5061 maioris
680 4995 834 5079 posterius
855 4997 912 5072 est,
935 4993 1014 5059 alter
1028 4994 1113 5059 solus
1128 5011 1243 5070 versus,
1264 4991 1375 5057 tertius
1390 4989 1563 5056 membrum
1583 4987 1737 5071 posterius
1752 5005 1897 5052 versuum
1910 4985 2029 5051 Aloaiei

331 5110 581 5195 hendecasyllabi
613 5115 645 5179 et
674 5111 949 5196 Asclepiadeorum
980 5111 1107 5177 minoris
1141 5113 1173 5176 et
1204 5110 1342 5187 maioris,
1376 5109 1504 5190 quartus
1537 5108 1586 5172 est
1611 5105 1785 5170 membrum
1809 5104 1896 5188 prius
1923 5121 2028 5169 eorum

331 5249 492 5310 ramnum,
525 5249 602 5314 quos
635 5232 726 5297 modo
759 5230 930 5309 nominari,
964 5229 1031 5295 dieo
1058 5228 1339 5312 Asclepiadeorum.
1387 5225 1502 5291 Omnes
1535 5226 1639 5291 antem
1671 5223 1861 5306 pherecratei
1892 5219 2028 5286 levitatis
