4452 5900
1088 439 1296 504 ...qo-n

864 625 993 688 sonante
1015 622 1146 688 mixtum
1168 623 1252 687 tibiis
1275 641 1400 688 carmen
1420 625 1488 706 lyra

863 741 922 805 hac
943 740 1071 817 dorium,
1093 740 1156 805 illis
1177 741 1350 805 barbarum.
1403 805 1408 814 ,

344 860 449 940 Atque
482 858 588 922 diebus
621 857 710 922 festis
743 858 782 922 ad
807 855 986 940 Apollinem
1018 858 1235 922 celebrandum
1268 857 1387 922 cithara
1419 859 1482 924 lere
1514 860 1698 938 utebantur,
1731 861 1770 924 ad
1796 879 1884 925 saera
1914 861 2042 942 Cybeles

344 975 486 1040 iacienda
512 973 611 1052 tibiis,
633 974 854 1052 Panifistula,
877 975 945 1039 aliis
969 974 1026 1039 diis
1048 976 1117 1057 lyra
1139 976 1304 1052 canebant,
1327 995 1406 1057 quae
1427 977 1504 1041 artis
1525 977 1660 1042 musicae
1682 978 1891 1043 instrumenta
1913 997 1931 1042 a
1951 980 2044 1060 poeta

344 1092 411 1174 ipso
442 1091 476 1154 in
509 1091 695 1156 carminibus
727 1091 843 1173 passim
875 1095 1164 1158 commemorantur.
1213 1092 1282 1157 Non
1310 1095 1414 1158 antem
1443 1093 1554 1175 liquet,
1588 1113 1665 1176 quae
1698 1094 1828 1178 singulis
1856 1095 2043 1160 carminibus

345 1207 549 1291 aspiraverint
570 1209 655 1273 etin
676 1209 855 1273 universum
877 1210 909 1273 id
931 1210 1054 1273 tantum
1077 1209 1137 1274 diei
1158 1211 1275 1291 potest,
1303 1210 1389 1292 lyrae
1417 1213 1448 1274 et
1475 1211 1621 1276 tibiarum
1650 1229 1761 1276 sonum
1785 1213 1822 1276 iis
1849 1213 1882 1276 in
1909 1213 2043 1278 canendo

345 1325 478 1390 affuisse.
525 1325 633 1407 Neque
666 1345 737 1390 vero
764 1328 895 1407 constat,
928 1325 1165 1408 quibusmodis
1192 1328 1328 1391 carmina
1354 1331 1549 1405 canerentur,
1582 1347 1653 1392 eum
1680 1330 1734 1410 qui
1760 1330 1876 1410 singuli
1901 1330 1985 1394 modi
2011 1329 2045 1393 in

345 1444 499 1508 codicibus
521 1443 701 1508 Horatianis
722 1444 901 1522 traduntur,
929 1447 1149 1510 monachorum
1170 1444 1264 1510 medii
1285 1446 1352 1511 aevi
1372 1444 1506 1510 habendi
1529 1446 1600 1509 sint.
1645 1445 1728 1511 Satis
1751 1447 1792 1510 sit
1812 1447 1908 1528 igitur
1931 1445 2045 1512 dixisse

345 1581 455 1642 graves
477 1561 572 1626 fuisse
592 1561 701 1626 modos
722 1563 843 1639 Dorios,
867 1563 1007 1626 turbidos
1030 1582 1064 1626 ao
1086 1565 1258 1628 commotos
1281 1563 1442 1644 Phrygios,
1464 1565 1574 1629 molles
1597 1565 1690 1646 atque
1713 1562 1904 1629 effeminatos
1920 1564 2044 1644 Lydios,

345 1680 469 1744 Aeolios
492 1698 527 1743 ex
549 1678 682 1744 Aeolum
703 1698 788 1744 more
810 1681 956 1762 superbos
978 1699 1015 1746 ac
1036 1681 1185 1761 gloriosos
1208 1683 1264 1745 ete.
1288 1683 1320 1746 et
1333 1698 1372 1745 ne
1386 1682 1498 1763 longus
1514 1683 1581 1759 sim,
1604 1683 1766 1747 modorum
1781 1698 1894 1764 genera
1908 1683 2044 1746 numeris

344 1797 409 1862 fere
431 1797 603 1862 carminum
624 1797 772 1880 adaptata
793 1815 869 1862 esse.

989 2245 992 2254 ,
1087 2169 1304 2242 Marah.

447 2368 599 2448 Quoniam
614 2367 710 2449 igitur
724 2387 881 2449 generum,
897 2368 1019 2450 pedum,
1035 2366 1250 2446 membrorum,
1267 2387 1422 2446 versuum,
1437 2369 1635 2452 stropharum
1650 2373 1707 2436 ete.
1723 2371 1859 2436 rationes
1875 2371 2047 2452 generatim

346 2486 471 2570 quidem
493 2488 525 2551 et
546 2485 734 2563 summatim,
756 2486 863 2551 tamen
884 2487 917 2550 in
937 2504 1102 2569 puerorum
1123 2504 1216 2550 nsum
1239 2487 1315 2552 satis
1338 2487 1513 2569 exposuisse
1534 2488 1622 2553 nobis
1644 2487 1793 2566 videmur,
1814 2507 1898 2553 nuno
1919 2489 1959 2552 ad
1980 2490 2047 2570 ipsa

346 2608 460 2684 metra,
487 2606 599 2688 quibus
626 2622 703 2668 usus
728 2606 770 2670 sit
794 2604 945 2670 Horatius
972 2607 1174 2668 transeamus.
1222 2603 1303 2670 Sunt
1329 2623 1366 2670 ea
1391 2605 1517 2687 quidem
1542 2607 1677 2689 primum
1703 2607 1804 2670 metra
1829 2625 1919 2688 pura,
1946 2611 2046 2690 μέτρα

348 2720 484 2811 καθαροὶ
507 2725 570 2788 sive
585 2724 750 2808 μονοειδῆ,
775 2722 884 2788 deinde
898 2723 998 2787 metra
1012 2723 1190 2805 composita,
1212 2727 1312 2806 μέτρα
1335 2720 1547 2800 sarmatam,
1573 2726 1641 2788 tum
1655 2725 1755 2788 metra
1769 2723 1867 2788 mixta
1882 2725 1947 2788 sive
1961 2725 2045 2805 loga·

347 2843 460 2920 oedica,
482 2844 583 2926 μέτρα
603 2839 702 2926 pauori
723 2842 786 2906 sive
807 2837 1011 2920 λογαοιδικοῖ.

1007 3227 1199 3301 MHTRA
1227 3228 1382 3301 PURA.

448 3429 553 3512 Atque
573 3428 709 3512 primum
735 3428 835 3493 metra
860 3444 939 3510 pura
964 3426 1105 3492 versibus
1132 3426 1277 3492 constant
1303 3428 1386 3510 apud
1411 3427 1578 3494 Horatium
1603 3429 1718 3512 pedum
1745 3429 1864 3511 generis
1890 3429 1972 3512 paris
1995 3433 2050 3494 aut

347 3549 444 3631 dupli.
489 3547 629 3627 Quorum
661 3544 788 3612 alterius
821 3548 896 3610 suut
928 3545 1057 3627 dactyli,
1090 3545 1217 3609 alterius
1246 3545 1382 3610 trochaei
1409 3546 1441 3610 et
1466 3546 1570 3612 iambi.
1622 3547 1748 3612 Generis
1782 3549 1887 3612 autem
1920 3547 2049 3612 affectus
2185 3540 2188 3548 ’

349 3664 470 3752 (ἦθος),
493 3667 575 3748 quod
596 3666 664 3749 pari
685 3665 860 3747 temporum
880 3681 1010 3728 numero
1032 3661 1129 3728 thesis
1151 3664 1184 3728 et
1205 3663 1282 3727 arsis
1303 3663 1384 3728 inter
1406 3680 1438 3727 se
1460 3661 1659 3745 respondent,
1690 3664 1775 3728 mitis
1806 3665 1899 3745 atque
1925 3681 2051 3745 compo-

349 3785 429 3849 situs
456 3790 517 3861 est,
545 3784 599 3850 sed
625 3782 671 3848 ita
696 3782 820 3865 quidem
845 3784 882 3847 ut
908 3782 1036 3864 spondei
1062 3780 1206 3846 affectum
1227 3779 1317 3846 metri
1341 3781 1523 3862 graviomm,
1553 3782 1669 3864 dactyli
1690 3783 1795 3864 paullo
1818 3781 2051 3846 commotiorem

348 3902 489 3968 reddant.
532 3901 608 3966 Eius
630 3902 726 3983 igitur
747 3901 867 3982 generis
891 3901 939 3964 est

451 4023 485 4103 1)
506 4021 684 4086 hexameter
706 4019 877 4101 dactyhcus
900 4018 1088 4082 acataleotus
1117 4035 1152 4082 ex
1179 4018 1298 4082 duobus
1321 4017 1511 4100 compositus
1533 4017 1678 4082 membris
1700 4015 1891 4095 acatalectis,
1920 4033 2053 4098 quorum

349 4139 502 4222 posterius
524 4156 646 4220 semper
666 4137 700 4201 in
722 4137 893 4218 spondeum
914 4137 972 4213 vel,
995 4153 1067 4200 eum
1087 4135 1198 4200 ultima
1219 4153 1327 4200 versus
1344 4136 1463 4216 syllaba
1482 4153 1593 4216 anceps
1609 4153 1676 4200 esse
1691 4134 1800 4217 possit,
1823 4133 1855 4198 in
1870 4135 2053 4199 trochaeum

350 4256 472 4322 desinit.
518 4255 555 4320 cf.
578 4255 656 4320 Mar.
680 4255 796 4319 Victor.
818 4254 858 4331 ll,
880 4256 956 4320 433:
991 4251 1180 4332 „novissima
1201 4253 1316 4318 etenim
1338 4252 1458 4334 syllaba
1478 4251 1655 4317 indifferens
1678 4251 1823 4329 habetur,
1851 4252 1925 4318 licet
1950 4251 2053 4316 brevis

350 4373 402 4452 sit,
423 4375 461 4438 ut
482 4376 514 4439 et
534 4375 645 4456 longae
666 4373 764 4438 vicem
785 4370 960 4454 praebeat'.
1002 4369 1119 4436 Versus
1141 4370 1239 4452 igitur
1260 4371 1309 4436 est
1330 4372 1517 4452 synartetus,
1543 4387 1670 4436 caesura
1690 4371 1739 4434 vel
1762 4368 1981 4451 semiquinaria
2001 4369 2054 4432 vel

352 4492 603 4574 semiseptenaria
626 4509 716 4573 saepe
738 4509 810 4554 cum
832 4489 1011 4554 secundaria
1026 4487 1239 4556 semiternaria
1261 4485 1517 4573 (τριθημιμερής)
1541 4489 1704 4554 coniuncta
1719 4488 1767 4552 vel
1783 4487 1876 4553 tertia
1889 4486 2054 4564 trochaica,

350 4629 421 4676 rara
443 4611 525 4693 apud
547 4612 665 4675 ceteros
687 4608 858 4686 Romanos,
885 4608 939 4672 sed
966 4625 1056 4689 saepe
1078 4607 1159 4687 apud
1181 4607 1346 4671 Horatium
1371 4607 1405 4670 in
1432 4605 1535 4670 satiris
1563 4605 1593 4670 et
1619 4604 1770 4687 epistolis,
1798 4603 1851 4686 qui
1871 4603 2055 4668 Lucretium

352 4729 383 4792 et
404 4728 589 4792 vetustiores
611 4729 718 4809 poetas
741 4727 897 4790 Romanos
920 4725 952 4788 in
974 4744 1010 4789 ea
1031 4724 1207 4790 adhibenda
1229 4728 1353 4788 secutus
1376 4725 1437 4800 est,
1465 4724 1514 4787 rel
1538 4724 1648 4805 quarta
1669 4722 1839 4799 trochaica,
1869 4740 1948 4804 quae
1967 4721 2055 4802 apud

352 4846 508 4909 Romanos
530 4844 594 4909 fere
615 4863 678 4909 non
699 4845 864 4920 invenitur,
886 4844 936 4908 vel
958 4843 1097 4918 bucolica
1117 4843 1188 4924 post
1209 4844 1355 4923 quartum
1371 4840 1538 4922 dactylum,
1561 4841 1649 4905 cuius
1664 4841 1744 4922 apud
1760 4840 1916 4905 Romanos
1931 4840 2057 4921 praeter

352 4961 524 5044 Vergilium
547 4963 611 5026 fere
632 4962 738 5026 nullus
761 4963 809 5026 est
829 4979 912 5039 usus,
936 4963 1110 5026 exornatus.
1155 4960 1260 5042 Atque
1287 4959 1390 5024 differt
1411 4959 1445 5023 in
1467 4978 1502 5024 eo
1524 4961 1573 5024 vel
1601 4959 1734 5024 maxime
1755 4959 1938 5024 Latinorum
1959 4957 2056 5022 hexa-

353 5082 451 5144 meter
477 5098 495 5144 a
522 5079 661 5157 Graecis,
694 5081 777 5162 quod
809 5080 841 5144 hi
865 5082 991 5162 propter
1021 5079 1183 5162 plurimas,
1217 5076 1329 5160 quihus
1351 5078 1489 5142 abundat
1511 5095 1617 5142 eorum
1638 5075 1759 5157 lingua,
1788 5074 1923 5157 syllabas
1945 5075 2057 5138 breves

354 5198 488 5262 caesuris
515 5200 644 5281 etpost
670 5197 782 5263 bbesirn
812 5198 900 5262 etin
933 5197 995 5261 arsi
1026 5197 1143 5278 pariter
1174 5195 1237 5260 fere
1265 5193 1491 5276 antiquioribus
1518 5195 1708 5277 temporibus
1734 5196 1827 5276 atque
1848 5193 1924 5258 adeo
1945 5193 2059 5275 postea

354 5334 483 5382 caesura
514 5317 547 5381 in
580 5317 642 5381 arsi
674 5315 858 5400 (trochaica)
893 5316 1013 5398 saepius
1047 5333 1140 5396 quam
1173 5315 1271 5378 altera
1296 5314 1444 5388 utuntur,
1472 5311 1534 5389 illi,
1563 5312 1645 5393 quod
1672 5310 1799 5392 syllabis
1826 5311 1926 5392 longis
1952 5307 2061 5390 magis
